2588 4606
248 381 289 440 aa
332 373 618 439 oncoonrvs
639 373 702 438 un
723 373 979 442 utnnccro
1000 380 1204 452 urrici.
1275 351 1286 408 ³·

293 543 530 650 §X'XXVIL'
546 544 593 611 To
609 545 705 652 α’λΙά
723 548 802 615 ἀντὶ
818 554 1250 658 stupunicvopooccxoiu)

250 635 424 708 πολλακις
444 631 620 698 corianum.
642 657 686 709 ως
701 637 762 699 καὶ
780 635 863 724 παρ’
890 635 1082 727 Ομηρῳιι).
1279 663 1285 670 .

292 887 347 970 55)
368 887 721 974 παρακελωσματικοῦ]
765 889 842 952 cod.
881 911 909 950 o.
947 893 1253 974 παρακελευστικοῦ,

248 972 544 1054 ;‚quoruodotssaatii
558 977 657 1036 verba
671 971 826 1061 suut)non
836 995 911 1036 raro
924 977 1068 1037 variatur
1078 979 1113 1036 iu
1122 981 1253 1040 vocibus

248 1058 487 1130 Jl‘echnicorum
519 1059 669 1139 propriis.
709 1059 818 1120 Simili
854 1060 978 1121 ratione
1007 1073 1253 1140 commutentur,

250 1144 387 1204 maxime
408 1142 443 1202 iu
465 1141 631 1204 Codicibua
651 1144 816 1224 Apollonii
840 1140 978 1224 Dyscoh',
1000 1145 1209 1215 ἑπιεακτικός
1223 1159 1253 1208 et

248 1223 512 1328 inacaypqccno'c,
533 1226 716 1308 διηγητικός
731 1239 764 1289 et
775 1227 1014 1328 §toynpauxop
1057 1229 1140 1290 Item
1156 1252 1252 1313 προς..

248 1333 431 1392 φωνητικος
446 1321 478 1370 ot
494 1332 815 1398 προςφωνηματικος.
859 1313 912 1372 bio
940 1333 993 1396 qm
1015 1314 1050 1373 in
1065 1315 1184 1374 uostris
1199 1315 1252 1376 Li.

247 1396 335 1460 banii
358 1393 550 1456 editionibus
572 1398 759 1458 inscribitur
781 1395 1251 1478 Hpoaipumuxdo'lonitarqi,

246 1483 281 1542 in
299 1480 414 1541 Codice
427 1479 546 1540 Veneto
565 1479 637 1543 445.
654 1481 810 1542 Lutetiam
827 1500 933 1561 nuper
950 1483 1046 1543 oilato
1063 1483 1252 1546 banchebet

246 1563 1083 1664 epigraplpgtffidoyocapocopumpacouo't'lovlcaroj
1099 1567 1248 1653 δυσσεβεῖ

245 1666 361 1728 Forma
374 1691 485 1737 αιικος
502 1668 537 1727 in
558 1667 793 1728 Technicorum
815 1665 964 1740 vocibus,
985 1687 1061 1746 quus
1079 1666 1162 1744 dixi,
1184 1691 1249 1730 me.

246 1753 311 1814 lior
327 1761 359 1810 et
372 1755 519 1830 vaimtior
533 1761 589 1812 est.
631 1752 666 1814 E.
681 1769 877 1832 unusquam
895 1753 1005 1830 reperi
1023 1758 1250 1833 παραπληρω.

246 1833 335 1903 τικός
347 1857 409 1916 pro
425 1833 779 1921 παραπληρωματικός.
822 1833 1252 1918 Ἀναπληρωτικός,9ιιοΙ.ο-

244 1923 318 1983 xica
338 1931 458 1996 carent,
479 1921 576 1981 babet
596 1920 798 2000 Nicephorua
820 1917 987 1980 blemmid.
1004 1919 1088 2000 Epit.
1108 1923 1203 2004 Phys.
1218 1941 1252 2004 p.

245 2010 316 2084 87.“
369 2005 486 2066 Carent
509 2006 618 2065 eadem
640 2004 800 2064 oduerbiia
822 2003 1073 2087 κελευσματικῶς
1094 2005 1249 2090 (Euatatb.

242 2089 286 2148 ad
301 2089 391 2152 Hom.
406 2089 443 2174 ΙΙ.
457 2110 488 2169 p.
509 2093 602 2164 1080,
618 2087 670 2150 65.
686 2085 793 2168 Rom.)
816 2098 848 2148 et
871 2091 1174 2168 παρακελευστικῶς
1194 2095 1250 2170 (Δ-

243 2176 366 2256 pollon.
383 2173 490 2234 Loxic.
503 2173 630 2235 Homer.
645 2193 676 2253 p.
693 2176 746 2234 28.
763 2172 862 2252 Vnt).
905 2172 1036 2234 Senior.

290 2259 347 2340 54)
368 2257 447 2338 ’παρ’
459 2255 599 2342 Ὁμήρῳ]
643 2259 724 2316 Tum
738 2256 832 2330 olibi,
851 2269 920 2317 tum
936 2255 973 2319 ΙΙ.
985 2261 1024 2320 Ν.
1038 2277 1083 2318 va.
1099 2262 1174 2340 296.
1194 2261 1249 2323 aed

241 2345 298 2406 vbi
311 2342 396 2407 Ἀλλ’
411 2342 479 2420 ἄγε,
500 2351 537 2400 vt
551 2351 582 2398 et
597 2341 629 2398 in
645 2339 752 2400 Schol.
767 2339 913 2420 Thuoyd.
930 2342 970 2399 ad
986 2341 1019 2400 L.
1034 2342 1114 2402 VIll.
1130 2367 1163 2424 p.
1175 2348 1247 2424 559,

243 2432 293 2491 68.
310 2426 379 2487 vid.
397 2423 551 2504 Stephani
564 2422 656 2484 Theo.
669 2422 708 2484 T.
722 2422 747 2482 1.
762 2443 793 2504 p.
810 2424 881 2491 555.
903 2423 1038 2504 Ἀλλάγε
1056 2430 1126 2509 λέγε
1139 2430 1248 2490 Alexio

241 2511 327 2592 apud
341 2507 459 2569 Athen.
479 2506 512 2566 L.
530 2507 582 2566 lv.
597 2527 629 2586 p.
651 2523 721 2583 170.
740 2509 777 2568 Α.
793 2508 848 2567 vbi
870 2506 936 2570 ἀλλ’
953 2508 1011 2591 ἄγε
1024 2511 1171 2589 praefert
1186 2514 1247 2574 Ca.

240 2596 407 2666 aaubouuo,
427 2599 464 2651 vt
478 2587 543 2652 ἀλλ’
559 2589 670 2671 ἄγε·δή
686 2592 850 2677 μετάβηθι
870 2593 905 2652 in
929 2594 1109 2675 'sbeopbyb
1126 2597 1245 2658 Simoc.

240 2699 301 2762 pro
318 2675 435 2758 ἁλλάγε
451 2673 491 2750 δή
506 2701 541 2759 μ.
558 2674 685 2735 doctiss.
701 2675 724 2736 Ι.
740 2677 770 2736 S.
786 2674 929 2736 bernard
942 2677 982 2738 ad
994 2678 1116 2738 Pallad.
1131 2681 1172 2740 de
1185 2679 1244 2742 Fe·

239 2762 320 2825 brib.
335 2781 367 2841 p.
382 2761 411 2820 5.
437 2759 516 2820 Cum
538 2759 803 2839 pronunciatione
821 2759 876 2820 vix
901 2759 1050 2822 differant
1072 2762 1192 2845 dttdya
1212 2777 1245 2827 et

239 2845 305 2911 ἀλλ’
321 2846 389 2927 ἄγε,
411 2863 481 2904 rem
495 2862 619 2904 omnem
637 2843 842 2903 librariorum
869 2845 1024 2906 arbitratu
1039 2847 1161 2909 atetiaae
1175 2852 1243 2911 exi·

238 2934 342 2994 stimo.
382 2929 451 2990 Nec
466 2937 574 2988 tamen
589 2937 663 2987 ante
679 2926 870 3007 imperatio·
879 2927 1028 3009 displicet
1040 2929 1171 3015 άλλάγε,
1178 2925 1243 2997 He.

238 3017 348 3101 aychio
372 3011 572 3077 reddendum
592 3030 653 3091 pro
671 3009 818 3086 'Aitoico
839 3009 922 3074 ᾰλλοὶ
950 3011 998 3088 δή.
1044 3019 1141 3096 Quem
1162 3024 1242 3081 enim

230 3107 322 3190 sugit
335 3103 459 3183 elegam
471 3099 521 3158 ille
528 3099 704 3180 particulae
725 3093 807 3158 ἀλλά
829 3119 913 3168 vam,
935 3099 1059 3180 quando
1081 3106 1242 3186 imperati-

236 3194 284 3252 via
308 3193 418 3248 iuncta
438 3203 520 3242 nuno
544 3181 735 3253 obsecrandi,
758 3183 838 3242 alicio
862 3181 1020 3255 hortandi,
1045 3208 1099 3248 eae
1119 3211 1135 3248 a
1155 3203 1241 3250 vtra-
1266 3235 1268 3240 ,

111 3290 113 3294 ’
235 3265 1065 3431 3²⁶⁶tutotttttbft'titgfflttttt
1078 3282 1240 3416 ..titt

260 3379 307 3416 USl
334 3379 351 3415 a
446 3397 451 3408 ι
702 3393 710 3408 ι
756 3396 762 3411 .
847 3392 855 3408 0
1224 3387 1241 3401 -

237 3444 317 3502 cian.
331 3441 368 3499 T.
382 3437 406 3496 Ι.
420 3456 451 3515 p.
464 3435 535 3498 505.
551 3435 628 3493 item
645 3433 779 3514 Raphel.
798 3434 833 3492 in
853 3433 969 3494 Annot.
983 3433 1099 3499 Philol.
1117 3441 1155 3500 T.
1171 3442 1194 3502 1.
1208 3459 1240 3520 p.

236 3525 308 3606 596.
333 3524 370 3584 T.
383 3517 420 3581 ΙΙ.
436 3541 467 3598 p.
482 3521 553 3600 392.
595 3516 706 3593 Ἀλλά,
728 3519 774 3578 aic
789 3517 938 3596 positum,
961 3539 1032 3580 cum
1046 3543 1141 3602 qum
1162 3545 1239 3585 cou-

233 3611 353 3668 tulerat
370 3602 482 3664 Manu.
504 3603 658 3663 Deuariua
681 3603 720 3663 de
739 3601 855 3662 Partic.
877 3623 908 3682 p.
926 3602 955 3662 5.
975 3615 1048 3664 ante
1063 3607 1097 3669 L.
1109 3608 1237 3670 Bonium

234 3693 367 3754 Observ.
380 3687 459 3748 Crit.
474 3685 505 3748 C.
527 3687 609 3746 XIX.
630 3707 661 3766 p.
683 3706 734 3765 9¹·
754 3707 805 3767 92.
851 3684 931 3745 Cum
949 3685 1014 3749 ἀλλ’
1033 3686 1091 3774 oiya
1106 3695 1237 3774 propina

234 3778 383 3919 conuenip3
396 3777 482 3915 ippoo
498 3792 557 3914 ap:
575 3770 611 3912 ip
629 3771 756 3913 Xirgiliti
773 3775 851 3914 gen.
867 3769 891 3830 Ι.
911 3771 1149 3934 {slusam-'nullu
1164 3777 1235 3838 edd.

248 3873 338 3922 itin
385 3879 403 3915 ο
448 3877 505 3914 .n.
547 3874 593 3912 .e
657 3873 678 3912 u
719 3877 757 3914 a.
800 3873 909 3916 eninr.
966 3876 1032 3916 ica
1065 3882 1096 3921 rc
1131 3883 1235 3922 ussa-

232 3863 343 4027 ilucnti
355 3940 567 4026 postponitur.
590 3874 718 4000 Korn.gu
732 3937 810 4000 eorl.
826 3941 862 4000 A.
877 3936 943 4000 ἀλλ’
958 3939 1024 4023 ἄγε,
1045 3943 1080 4004 Β.
1094 3944 1177 4010 ἀλλά
1193 3967 1235 4030 yo.

221 4034 308 4097 .Cod.
323 4051 349 4092 c.
365 4028 453 4090 nott.
466 4026 616 4088 τιθέασιν
637 4030 671 4086 οἱ
681 4021 834 4088 Ἀττικοί·
853 4020 895 4092 oie
911 4027 971 4090 καὶ
987 4027 1068 4113 παρ’
1084 4029 1233 4117 Ὁμήρω·
