2528 4590
225 391 287 452 356
329 377 609 445 GREGOlllVS
630 375 690 437 DE
709 371 961 438 nlnLEcTO
986 373 1156 438 nonlci.

270 556 301 642 §.
317 551 425 618 CLX.
451 547 498 616 Τὸ
515 547 631 616 εἴωθα
646 545 728 627 ἠθεῖε
748 547 812 628 ¹¹).

272 676 304 759 6.
320 667 444 738 CLXI.
462 672 514 751 ¹²)
541 665 589 733 Τὸ
605 665 815 752 εὐωχεῖσθαι
834 661 923 754 εὐιῖιι
935 662 975 746 ³).

228 958 369 1043 scrutata
391 959 576 1039 Latinorum
598 957 699 1016 tertiae
743 949 835 1022 Quod
857 947 1030 1030 Gregorius
1052 948 1090 1008 de
1109 949 1195 1010 Dorico
1232 1025 1233 1030 ἵ

236 1051 268 1105 εἰν
284 1063 355 1101 cum
373 1037 552 1104 accusatiuo
573 1039 682 1098 iuncto
703 1035 812 1106 tradit,
833 1033 1045 1094 Valckenario
1060 1033 1101 1094 ad
1116 1035 1197 1094 'rheu

235 1126 308 1185 criti
323 1125 469 1185 Adonisz.
484 1145 515 1203 p.
528 1122 601 1182 664.
619 1120 651 1182 C.
677 1140 717 1180 ex
732 1129 841 1180 vetere
864 1116 1079 1176 Grammatico
1094 1129 1197 1178 sanun

235 1211 373 1269 videtur.
416 1207 562 1268 Ceterum
585 1205 699 1267 Koenii
717 1212 811 1265 notae
830 1201 1060 1263 Valckenarius
1079 1200 1131 1260 illo
1148 1203 1198 1262 loco

238 1293 394 1354 nonnullo
407 1290 535 1352 addidit.
562 1287 652 1352 Basa.

284 1377 335 1456 ιι)
360 1374 408 1438 To*
434 1378 537 1438 εἴωθα
566 1373 650 1454 ηθω]
673 1371 720 1432 lta
747 1391 820 1430 cnm
852 1367 1047 1430 editionibus
1076 1369 1201 1438 omnibns,
1257 1379 1262 1386 “

179 1521 182 1528 Δ
238 1483 313 1541 quas
328 1460 455 1540 quidem
470 1459 548 1531 vidi,
570 1465 614 1522 lo.
628 1455 866 1518 Grammaticus.
888 1457 959 1516 Kal
979 1453 1021 1513 toi
1042 1451 1200 1527 εἴωθαήθύ
1254 1447 1257 1453 ’

239 1546 338 1606 Vulic.
352 1544 388 1607 cd
400 1547 512 1607 εἴωθεν
525 1540 597 1616 ιὲθῶ
617 1543 700 1604 Voss.
723 1543 794 1602 Kal
816 1537 854 1602 sd
873 1541 987 1601 εἴωθεν
1008 1535 1082 1612 ἠθεῖε
1102 1537 1200 1596 lleern.
1260 1550 1263 1584 ⁸

239 1629 350 1714 [Codd.
368 1650 394 1691 a.
411 1629 442 1686 b.
464 1638 495 1686 ct
513 1629 638 1708 August.
658 1630 715 1686 καὶ
736 1619 772 1687 εὐ
791 1621 895 1687 εἴωθα
922 1619 1004 1698 ἠθῶ.
1049 1621 1126 1682 Cod.
1143 1642 1164 1680 c.
1178 1629 1202 1683 ol
1261 1647 1263 1678 ι

240 1717 373 1794 Δωριεῖς
386 1710 421 1775 εὐ
436 1713 548 1775 εἴωθεν
559 1708 629 1787 ἡθῶ
646 1711 799 1788 λέγουσιν.
821 1706 963 1788 scaren]
1006 1705 1103 1766 Initio
1114 1707 1205 1786 putaui,

240 1799 303 1860 linc
324 1797 430 1856 fucere
451 1795 584 1876 Etymol.
600 1793 640 1854 M.
662 1813 691 1873 p.
714 1791 785 1867 506,
801 1794 850 1854 50.
872 1799 906 1854 ol
924 1795 1055 1859 Αἰολεῖς
1078 1789 1112 1852 εὐ
1129 1793 1206 1852 εἴιιθα

241 1882 331 1943 toda
348 1885 504 1964 λέγουσιν·
519 1879 633 1938 deinde
648 1875 737 1955 coepi
747 1877 913 1956 suspicari,
934 1874 1136 1936 scribendum
1149 1893 1208 1932 esse:

243 1963 293 2028 ‘Po
315 1969 418 2027 εἴωθα
436 1963 557 2038 ἔθωιια,
588 1972 619 2022 ct
642 1960 810 2022 videbatur
828 1962 940 2021 vltima
963 1961 1023 2019 illa
1044 1961 1163 2038 syllaba
1176 1981 1210 2018 ια

40 2059 44 2070 ’
166 2077 170 2094 .
242 2050 648 2128 volnbnorptaascquente
662 2045 819 2148 particule
836 2044 1125 2124 nai-siquidemin
1142 2043 1211 2122 prio·
1262 2099 1263 2102 ,

240 2133 330 2194 ribus
346 2131 418 2193 cdd.
434 2132 603 2214 iunguntur
623 2131 668 2192 ‘Po
693 2133 797 2193 εἴωθα
814 2128 897 2206 ἡθῶ,
917 2135 975 2191 καὶ
990 2127 1027 2191 εὐ
1044 2125 1213 2208 εὐωχεῖσθαι

242 2215 302 2288 εὐῶ
310 2241 317 2255 ·
331 2218 383 2278 vol
395 2217 485 2298 plane
496 2219 629 2280 verbnm
641 2213 749 2278 ἕθωκα
762 2231 929 2296 perperam
942 2214 975 2272 in
994 2213 1073 2286 ἐθῶ,
1088 2224 1135 2272 ant
1146 2211 1213 2286 ἠθύ,

243 2312 277 2361 et
291 2307 349 2364 καὶ
362 2301 458 2361 fnisse
472 2311 661 2382 separatum.
704 2299 832 2374 Fundus
850 2297 1038 2378 suspicionis
1054 2307 1104 2357 est
1121 2297 1151 2355 in
1163 2295 1214 2354 lle-

241 2386 351 2464 sycliio
375 2386 409 2447 V.
424 2381 610 2458 Ὲθώκαντι,
639 2381 810 2460 εἰώθασιν,
839 2395 870 2445 et
890 2381 1080 2456 Εὐῖθωιιεν,
1115 2383 1216 2444 εἴωθεν.

241 2467 299 2530 Est
315 2479 418 2528 autem
431 2467 538 2532 ἕθωκα
547 2471 722 2549 perfectum
736 2469 826 2531 verbi
840 2468 933 2542 ἴθόω,
955 2467 1034 2540 ε’θῶ,
1056 2465 1142 2526 vnde
1154 2461 1218 2528 ε’θύ·

243 2575 299 2625 σω,
319 2552 438 2626 ἓθωκα,
458 2564 494 2613 vt
509 2555 548 2614 ab
564 2551 634 2628 to'o,
657 2552 707 2628 td,
730 2552 897 2613 Dorienses
920 2551 1069 2612 similiter
1083 2549 1178 2622 ἕώσω,
1192 2541 1218 2610 i·

242 2659 314 2698 ωκα
325 2637 483 2717 analogice
496 2637 703 2698 deduxerunt.
723 2635 833 2696 Suidas
847 2638 882 2699 V.
897 2634 1056 2716 Ἀφέωκα,
1079 2633 1219 2718 Δωρικόν.

243 2729 277 2778 et
293 2720 328 2780 V.
347 2715 494 2797 Ἀφεῖκα·
511 2757 554 2771 -
570 2719 614 2814 co]
625 2722 657 2782 δὲ
680 2720 826 2800 Ἀφέωκα
846 2720 982 2802 Δώριον.
1027 2719 1162 2779 ldcliora
1175 2717 1220 2778 ad·

241 2803 398 2863 serentem
414 2813 446 2864 ct
464 2807 617 2886 certiora,
636 2805 747 2866 lubens
768 2825 889 2885 sequar.
911 2805 1014 2865 Korn.
1058 2803 1148 2862 Duae
1161 2803 1221 2862 illae

241 2883 392 2968 Hesychii
414 2887 532 2968 glossae
554 2899 682 2949 mouent
705 2909 765 2963 me,
791 2899 828 2949 vt
848 2889 968 2950 Kocnio
991 2887 1174 2948 coniicienti
1195 2883 1222 2946 td

241 2974 346 3033 εἴωθα
359 2971 469 3035 ἴθωκα
482 2975 641 3034 assentiar.
683 2972 749 3034 Nec
765 2973 861 3054 magis
873 2973 1045 3034 ferendum
1059 2970 1128 3036 εὐῶ.
1154 2969 1222 3032 Vide

241 3075 321 3134 qnae
337 3057 440 3117 statim
455 3057 495 3118 nd
511 3057 541 3141 §.
555 3057 653 3119 cnxl.
669 3058 780 3120 dicam.
800 3056 893 3123 Basr.

289 3140 339 3220 ιω)
364 3139 565 3202 Desideratus·
585 3143 639 3202 hic
660 3143 812 3203 articulus
830 3163 903 3203 cum
919 3151 1056 3223 quatuor
1072 3138 1223 3221 sequenti-

240 3221 298 3284 bus
312 3223 486 3286 inllecrm.
504 3226 605 3288 Konn-
649 3225 723 3286 cod.
737 3248 764 3287 a.
779 3225 815 3290 εὐ
830 3223 1085 3308 αὐχεῖσθαιεύὥ.
1117 3224 1222 3285 codo.

240 3313 301 3370 stul
317 3305 351 3371 εὐ
366 3305 455 3389 εὐωχ.
473 3318 532 3372 etc.
575 3310 649 3370 Cod.
665 3331 692 3372 c.
704 3309 765 3371 hoc
781 3312 917 3374 articulo
929 3319 1026 3372 caret.
1057 3311 1190 3372 Sonare.

289 3391 340 3465 13)
366 3392 414 3455 To*
432 3389 622 3473 εὐωχεῖσθαι
642 3392 721 3494 erici]
746 3393 872 3456 Priores
889 3396 958 3456 edd.
980 3404 1017 3454 vt
1043 3395 1130 3454 dixi:
1163 3397 1224 3456 Kal

243 3472 280 3538 εὐ
300 3473 489 3554 εὐωχεῖσθαι
511 3477 579 3542 edd.
620 3479 657 3540 ln
681 3477 739 3542 ευῶ
756 3479 890 3542 fortasse
911 3480 1011 3540 maius
1035 3481 1127 3539 vlcue
1148 3478 1225 3550 latet,

242 3578 335 3638 quam
350 3569 386 3620 vt
396 3572 505 3623 nostra
517 3584 616 3644 opera
634 3563 738 3624 senari
758 3584 851 3644 posse
870 3565 1033 3626 videatur:
1053 3584 1116 3643 qua
1127 3571 1226 3622 tamen

241 3642 382 3718 ratione,
404 3645 504 3704 donec
526 3647 641 3707 clarior
666 3648 725 3708 lux
742 3648 870 3709 aliunde
888 3647 1067 3728 adsnlgcat,
1088 3643 1148 3710 εὐῶ
1172 3665 1224 3724 pro

241 3725 430 3806 εὐωχεῖσθαι
443 3726 579 3807 positum
594 3731 658 3790 dici
671 3731 782 3809 poscit,
801 3731 902 3793 obiter
916 3732 956 3792 ad
971 3733 1003 3814 §.
1019 3732 1131 3792 CXIX.
1147 3729 1226 3788 indi-

241 3811 323 3872 cani.
368 3811 550 3891 Θωρεῖσθαι
566 3814 752 3890 εῑθῶσθαι,
774 3815 948 3896 significatu
960 3817 1016 3878 τοῦ
1026 3812 1227 3896 εὐωχεῖσθαι,

240 3889 444 3954 Doriensibus
456 3896 567 3957 tribuit
588 3896 724 3977 Etymol.
740 3899 780 3963 Μ.
800 3923 832 3981 p.
854 3901 925 3976 460,
939 3901 989 3963 31.
1012 3901 1085 3975 461,
1106 3920 1131 3959 ι.
1149 3894 1228 3960 add

239 3995 301 4058 pro
323 3976 512 4064 εὐωχοῦμαι.
559 3981 595 4054 ln
617 3981 757 4044 Lucieno
784 3983 823 4046 de
843 3983 911 4046 Dee
927 3983 997 4068 Syr.
1016 3985 1071 4050 vel
1093 3983 1228 4066 quisquis
