2544 4320
246 275 305 354 μ’.
489 263 679 330 rnrnnn.
711 257 802 325 inc.
824 259 989 324 nnsrn

244 443 278 506 in
293 441 406 506 littere
426 437 509 502 Ioto.
550 435 815 521 Nonnunquam
837 433 925 500 baec
951 429 1100 498 duarum
1113 451 1201 502 rotun

246 522 462 604 coniunctio,
502 542 608 608 reque
634 519 674 582 ab
704 519 774 582 illis
798 518 1018 608 temporibus
1044 520 1204 604 repetente,
1268 542 1272 597 g

245 609 366 697 quibus
390 627 507 674 omnes
529 627 623 670 voces
646 601 808 669 continuo
829 603 1084 686 scribebantur,
1103 599 1208 690 inipus
1267 660 1272 677 .

246 693 413 758 editiones
440 690 650 776 scriptorum
672 688 883 753 Graecorum
911 709 978 776 per
997 687 1163 763 editorum
1176 711 1211 753 er·

245 774 518 862 roremirrepsit.
561 771 731 858 Aristides
749 771 830 846 Vol.
854 771 897 836 ll.
924 796 960 862 p.
994 773 1066 836 143.
1088 765 1212 846 ὥςιςτῶν

245 859 342 928 Κίων
355 857 454 942 (corr.
469 855 587 924 Κείων.
603 856 748 922 ContE
766 858 822 921 ist.
833 879 869 955 p.
890 857 981 942 roli.)
1006 855 1076 946 ἔφη
1095 858 1213 938 ποιητής,

254 967 308 1028 ro
326 940 370 1020 ὥς
383 967 434 1020 τις
449 967 477 1008 κ.
496 966 523 1006 τ.
538 941 566 1004 λ.
590 941 642 1006 W
643 880 865 1027 yttenbuclno
881 941 926 1006 ud
940 940 1069 1006 Iulian.
1084 961 1154 1027 pag.
1169 943 1213 1006 nt.
1270 950 1272 985 l

243 968 356 1112 ligore
376 1028 488 1114 plucet
509 1026 552 1101 ὥς
577 1025 595 1090 ὁ
616 1030 680 1091 τῶν
699 1024 793 1090 Κίων
809 1024 836 1089 ἕ.
862 1049 895 1090 π.
919 1023 1085 1090 Koenius
1100 1025 1140 1088 ud
1154 1025 1214 1089 Gn·

245 1135 316 1218 gor.
340 1135 373 1200 p.
398 1112 468 1175 352.
496 1110 532 1174 in
557 1107 750 1199 Apollonio
772 1108 923 1196 Dyscolo
950 1110 1016 1173 det
1037 1107 1216 1196 ἄλλωςιμο

243 1197 412 1270 diluere.
454 1194 593 1260 Rectius
612 1193 703 1258 idem
725 1215 758 1280 p.
780 1195 831 1258 34.
854 1193 892 1258 in
912 1192 1081 1259 Lucieno
1104 1193 1141 1268 ἐς
1164 1193 1218 1272 nir

244 1281 321 1345 rore
341 1279 427 1362 (sub.
441 1278 582 1365 ἡμέραν)
602 1278 715 1344 scribit
730 1300 793 1364 pro
813 1301 944 1358 εστην
967 1277 1073 1344 trite.-
1100 1275 1150 1341 cui
1164 1279 1218 1342 loro

244 1363 437 1428 obseruatio
456 1365 538 1427 boec
562 1361 841 1450 palaeogroplticu
858 1383 929 1426 non
954 1383 1087 1450 purum
1103 1360 1177 1426 lucis
1186 1359 1219 1424 nl·

243 1444 368 1512 fundit.
412 1448 513 1513 Conl·
537 1447 603 1513 tob.
627 1446 688 1512 IV·
710 1469 806 1515 num.
827 1470 873 1511 tr.
895 1485 937 1496 -
965 1447 1022 1510 De
1041 1447 1126 1511 Cod.
1140 1445 1218 1512 Pelet.

243 1533 312 1618 398.
328 1531 425 1596 iuuet
443 1534 509 1597 hoc
526 1531 658 1596 addere.
701 1529 738 1594 Si
752 1554 822 1598 ron
838 1531 871 1594 Ε
883 1532 980 1613 ψιλῷ
999 1530 1133 1610 linitur,
1153 1553 1218 1615 pro-

243 1650 404 1738 ximeque
417 1650 598 1738 insequens
617 1671 637 1715 u
659 1672 679 1714 τ
698 1647 830 1734 incipit,
852 1647 1036 1736 librarius,
1057 1649 1183 1737 perinde
1195 1659 1219 1712 rt

244 1769 279 1834 in
296 1769 458 1849 litterae,
479 1767 596 1833 ombus
612 1787 707 1832 vocer
727 1767 910 1850 connectit.
934 1766 996 1833 Sic
1014 1765 1128 1831 scribit
1142 1763 1219 1848 inerr-

242 1854 319 1918 πέτε
336 1875 399 1940 pro
414 1853 544 1937 ἔπεμπέ
561 1875 608 1932 τε,
628 1840 741 1936 elzeri?
756 1873 821 1938 pro
836 1853 917 1937 είχε·
934 1855 987 1940 τῷ
1009 1852 1087 1934 (tob.
1100 1851 1217 1914 llnurn

241 1939 301 2020 u).
352 1937 563 2002 Posteriores
586 1937 671 2001 duae
692 1957 790 1999 voces
812 1934 983 2020 leguntur
1005 1937 1042 2000 in
1063 1933 1218 1999 Antonino

242 2004 357 2086 Liber.
371 2044 443 2108 cup.
464 2019 504 2086 V.
517 2019 601 2108 πρὸς
618 2017 653 2082 δὲ
667 2023 766 2084 τοῦτο
782 2021 952 2106 ,silebuntur
970 2020 1087 2094 ὀπαῖς
1098 2023 1149 2096 τῇς
1165 2019 1217 2081 u-

240 2105 392 2253 μάνδργγς
399 2105 551 2192 χαλεπῶς
573 2092 668 2188 εἶχε·
691 2103 745 2182 τῷ
763 2099 922 2191 Αἰγυπιῷ
950 2104 986 2170 δ’
1009 2097 1051 2186 ἦν
1065 2099 1215 2183 ill-rudere

243 2212 274 2255 κ.
298 2215 324 2258 τ.
355 2237 374 2255 ..

311 2307 432 2394 Sigmo
445 2306 620 2373 interdum
635 2329 714 2373 cnm
725 2308 752 2374 0
765 2307 876 2396 μικρῷ
892 2305 1126 2374 confunditur.
1158 2304 1219 2368 Po·

240 2400 363 2457 sterior
374 2392 467 2456 enim
482 2390 595 2456 littere
618 2391 763 2478 aptiori
784 2413 854 2456 non
873 2391 995 2458 differt
1012 2391 1078 2458 niei
1089 2389 1220 2454 absentie

239 2474 399 2558 lineolae,
430 2497 515 2562 quoe
533 2475 630 2541 illum
653 2498 732 2540 eum
752 2475 869 2555 littere
890 2476 1062 2562 proxime
1080 2483 1220 2562 sequente

239 2592 393 2678 copulet:
423 2615 508 2678 queo
531 2592 657 2667 lineola
677 2591 706 2658 si
724 2590 870 2658 addetur
891 2592 1037 2662 litterae
1058 2618 1088 2679 o,
1109 2593 1221 2658 iustum

238 2707 356 2796 Sigme
377 2710 534 2774 nuscitur.
576 2708 649 2774 Iam
671 2709 836 2796 vidimus,
873 2711 954 2777 oin
982 2711 1116 2776 Codice
1135 2708 1224 2772 rant

197 2797 199 2802 ’
238 2815 317 2859 curn
333 2793 444 2860 littero
461 2793 620 2881 proxime
639 2815 797 2884 sequente
808 2819 990 2883 nunquam
1009 2791 1174 2870 connecti.
1192 2791 1226 2856 ln

237 2877 426 2966 Apollonio
444 2901 476 2964 p.
491 2879 541 2944 3l.
562 2879 682 2962 Codex
705 2879 847 2946 SGerrn.
873 2881 933 2944 dut
952 2883 993 2944 αἱ
1019 2882 1058 2946 ἐν
1083 2880 1108 2942 α’
1117 2879 1225 2964 γροῑο

236 2965 396 3047 renonum
412 2962 493 3046 (tub.
508 2961 549 3026 ΙΙ.
564 2985 655 3027 num.
669 2973 719 3052 9.).
763 2967 876 3030 Neruo
890 2985 962 3028 non
978 2965 1160 3048 intelligit,
1172 2983 1226 3051 pro

237 3047 356 3132 ἀγροῖο
374 3043 440 3132 legi
458 3057 617 3132 oportere
635 3043 793 3136 α’γροῖσ
807 3047 963 3135 (ἀγροῖς),
985 3059 1028 3112 rt
1050 3035 1227 3112 deindese-

198 3181 202 3194 ,
237 3133 373 3214 quitur:
395 3133 430 3194 at
454 3131 488 3195 ἐν
512 3131 663 3218 ἀγροῖς
683 3131 875 3218 νεμόμεναι.
923 3131 1158 3216 Villoisonus,
1180 3155 1228 3196 ne·

234 3215 304 3278 scio
322 3234 390 3300 quo
405 3237 495 3298 cusu,
517 3215 610 3282 dedit
626 3217 662 3281 ἐν
676 3215 1090 3303 ιῖγροῖςμὶονὲμουσαι.
1105 3239 1136 3282 r.
1150 3215 1227 3280 Gre-

230 3351 309 3428 ρον.
326 3356 360 3428 μ.
384 3337 453 3397 251.
478 3333 643 3400 Confusio
662 3335 863 3402 vocularum
886 3356 925 3400 ov
941 3345 977 3398 et
996 3355 1043 3400 συ
1060 3335 1098 3399 in
1115 3336 1228 3421 vulgus

235 3425 411 3488 notreumn
428 3431 485 3484 est.
530 3418 573 3484 V.
589 3430 723 3506 praeter
740 3420 822 3484 alios
835 3419 986 3486 Pierson.
1003 3419 1052 3484 ud
1069 3419 1182 3483 Moer.
1197 3440 1226 3506 p.

234 3495 402 3662 368Tau.
446 3597 537 3670 Vide
563 3603 695 3672 litterae
717 3605 873 3688 Gemma,
895 3603 949 3686 Pi,
971 3601 1042 3710 clxi
1057 3615 1093 3670 et
1107 3603 1179 3690 Pei,
1197 3613 1228 3670 et

234 3712 278 3782 ob
293 3714 527 3786 confusionem
542 3743 621 3787 cum
638 3719 794 3789 Lembde
809 3721 977 3808 syllabam
992 3745 1040 3786 εν.

296 3797 416 3866 Obiter
432 3800 537 3870 lector
551 3807 706 3871 aduertut
719 3805 869 3872 formum'
880 3803 1106 3872 littereeTeu
1119 3805 1157 3870 in
1173 3827 1227 3876 ro·

233 3903 272 3949 ce
285 3887 514 3967 γεννηθέντας
530 3891 597 3958 tub.
614 3889 656 3956 ΙΙ.
673 3911 769 3958 num.
786 3901 856 3962 net
869 3889 906 3956 in
924 3910 1007 3960 voce
1021 3891 1145 3980 μέντοι
1160 3890 1223 3956 tab.
