3494 4604
462 320 484 369 ι
730 323 732 328 ,
804 220 1145 358 rusumrro

463 473 671 576 modum,
702 467 822 584 quod
842 465 914 551 tati
933 465 1264 552 comitatusatis
1282 463 1465 576 dignum
1517 460 1526 496 ²

464 621 713 723 videretur,
749 615 985 726 adiungere
1011 641 1209 728 possem:
1246 609 1331 695 hoo
1358 639 1466 693 con·
1514 587 1523 656 '²

464 766 625 854 tentius
651 761 943 849 laborandum
968 760 1144 873 putaui,
1173 775 1221 842 vt
1242 755 1361 842 huno
1387 753 1466 840 do-

464 899 627 1002 fcctum
656 909 855 994 accurati
885 938 934 996 ac
962 935 1100 1020 paone
1131 904 1306 990 morosi
1334 901 1468 988 latine
1517 882 1525 938 ⁷³

465 1056 666 1151 vertendi
700 1051 924 1172 diligentis
949 1050 1146 1184 quodum
1176 1049 1312 1140 modo
1344 1078 1469 1138 com·
1524 1047 1526 1086 ⁵

442 1231 710 1326 pensarem.

552 1503 655 1608 Quo
674 1520 873 1614 tempore
890 1497 1073 1586 aBastio
1090 1495 1471 1587 interarnicosre·

469 1666 622 1763 ceptus
649 1677 770 1768 sum,
800 1647 919 1733 idem
941 1643 1012 1731 ille
1036 1646 1237 1731 fortunae
1261 1641 1388 1728 fauor
1407 1656 1472 1722 et-

470 1798 562 1885 iam
587 1792 871 1898 Boissonadi‚
902 1792 1146 1880 doctissimi
1165 1790 1297 1892 Galli,
1327 1813 1475 1902 quem,

471 1940 798 2058 paucis‘abhiuc
812 1941 936 2028 aunis
952 1940 1237 2027 nobilitatum
1249 1936 1367 2023 edito
1378 1935 1476 2020 Phi·

471 2090 674 2194 lustrato,
726 2110 835 2173 mox
863 2087 993 2173 nouis
1022 2086 1182 2171 laureis
1211 2083 1478 2170 condecora·

473 2235 587 2323 bunt
605 2235 848 2346 Eunomus,
877 2233 1088 2334 Marinus,
1119 2232 1322 2337 Procius,
1352 2261 1476 2319 sum-

474 2411 595 2470 mam
644 2377 752 2462 mihi
805 2375 1160 2464 beneuolentiom
1215 2380 1512 2500 conciliauit..

473 2525 620 2615 Huius
656 2523 993 2611 beneuolentiae
1029 2553 1145 2610 nunc
1175 2527 1354 2640 quidem
1386 2559 1477 2616 non

474 2670 602 2790 potui
627 2668 821 2757 fructum
843 2671 959 2757 ferre
985 2672 1313 2782 iucundiorem,
1342 2705 1477 2788 quam

478 2815 599 2934 quod
624 2818 691 2904 vir
712 2820 909 2936 egregius
932 2821 1041 2904 mois
1066 2822 1270 2932 precibus
1293 2823 1379 2910 hoc
1401 2823 1478 2910 de-

383 3049 386 3057 .
476 2965 564 3071 dit,
593 2983 642 3054 vt
668 2991 780 3076 quae
808 2964 862 3050 ad
889 2967 1152 3082 Gregorium
1176 2963 1281 3055 suos
1306 2971 1351 3056 in
1375 3001 1479 3058 vsus

476 3129 731 3217 notauerat',
778 3130 903 3198 aucta
924 3114 1058 3200 variis
1084 3111 1298 3203 Codicum
1321 3095 1480 3204 rurist·-

478 3285 642 3344 norum
659 3257 887 3372 Excerptis
896 3325 910 3366 ,
930 3289 1107 3348 mecum
1124 3267 1483 3352 communicaret.

477 3405 580 3509 Quo
607 3401 819 3491 beneficio
845 3427 1060 3521 quantum
1084 3437 1155 3494 me
1182 3411 1482 3520 obstrinxerit,

479 3576 705 3664 quamque
729 3554 840 3636 bens
857 3551 910 3639 de
935 3585 1052 3642 noun
1071 3559 1273 3672 Gregorii
1290 3560 1481 3649 editione

478 3697 664 3784 meritus
680 3697 749 3804 sit,
767 3700 1013 3810 gratissimo
1031 3731 1204 3818 sempor
1217 3709 1367 3793 animo
1387 3741 1482 3794 me·

477 3843 651 3930 minero
667 3873 717 3932 ac
731 3845 986 3958 profitebor.
1018 3853 1221 3938 Ceterum
1235 3883 1339 3940 cum
1354 3859 1484 3942 Bois-

479 3989 672 4084 sonsdus
682 3992 729 4080 in
743 3994 856 4082 notis
872 3989 1380 4122 scribendisLatinsipse
1396 4001 1482 4091 tin-
