3494 4604
478 331 597 384 xxxvt
700 362 705 371 .
802 291 1136 372 PRAEFATIO

482 493 628 588 scripta,
648 486 687 558 in
702 480 935 557 locutionibus
949 504 1043 554 mere
1051 479 1210 574 Graecis,
1237 482 1275 554 in
1290 482 1351 574 iis,
1372 507 1464 580 quae

485 583 609 700 Graevii
640 621 677 690 in
705 622 797 690 flexu
826 611 1026 705 nominum,
1052 613 1091 685 in
1113 616 1304 689 verborum
1329 615 1466 708 formis,

482 757 723 849 similibusque
745 750 875 824 habent
888 745 1096 844 peculiaria,
1121 748 1334 845 explicandis
1354 775 1467 822 occu-

485 901 583 993 pata,
618 886 692 958 eius
713 901 793 954 sunt
814 877 964 975 indolis,
989 901 1043 972 vt,
1073 881 1103 952 si
1127 880 1251 956 Latine
1274 901 1466 971 vertantur,

485 1024 582 1100 omni
609 1037 746 1092 careant
772 1014 927 1088 vtilitate.
979 1013 1073 1086 Nam
1102 1015 1224 1112 quiin
1246 1017 1386 1088 Graecis
1408 1013 1466 1088 vel

486 1153 708 1244 mediocriter
720 1161 812 1224 'sunt
825 1149 965 1240 versati,
992 1147 1133 1220 nullum
1147 1145 1230 1220 iude
1242 1149 1395 1222 fructum
1408 1149 1466 1220 fe-

481 1310 577 1366 rent:
602 1297 723 1361 rursus
737 1282 942 1382 quiGraeci
959 1280 1126 1356 sermonis
1142 1281 1246 1379 plane
1257 1280 1361 1356 rudes
1375 1301 1464 1372 sunt,

482 1453 543 1500 eos
558 1419 702 1521 quiduis
720 1418 837 1516 potius
854 1443 969 1516 agere,
996 1421 1059 1514 p'ar
1073 1437 1142 1512 est,
1169 1445 1276 1516 quam
1290 1417 1327 1490 in
1342 1417 1466 1490 Grani·

484 1559 693 1634 maticorum
712 1551 834 1650 placita
849 1551 1042 1650 inquireret

486 1701 490 1763 ζ
557 1689 597 1764 Si
629 1685 832 1785 qui‘tameu
859 1686 1092 1784 reperiantur,
1131 1688 1194 1786 qui
1223 1688 1333 1762 nostri
1356 1687 1467 1762 libelli

485 1825 681 1902 versionem
705 1821 885 1897 consulere
905 1822 1065 1919 cupiant,
1091 1819 1224 1892 etiamsi
1243 1822 1377 1920 priores
1390 1820 1466 1895 edi-

486 1960 615 2050 tiones,
642 1953 770 2053 quihus
793 1953 974 2046 omnibus,
999 1953 1030 2026 si
1052 1955 1095 2026 ab
1111 1953 1243 2028 Aldina
1259 1955 1372 2054 prima
1392 1954 1467 2028 dis-

485 2089 643 2182 cesseris,
669 2061 795 2160 Latina
820 2087 1055 2185 interpretatio
1077 2089 1232 2182 accessit,
1268 2087 1466 2164 conferendi

427 2265 431 2273 ·
486 2225 587 2322 copia
601 2220 847 2297 destituantur:
874 2221 1033 2292 omnium
1053 2219 1090 2290 in
1107 2221 1272 2295 manibus
1289 2244 1466 2300 versantur

487 2355 627 2431 Ioannis
644 2353 813 2450 Scapulae
830 2371 863 2422 et
883 2350 934 2426 Io.
958 2347 1113 2449 Crispini
1133 2355 1271 2430 Lexica.
1299 2359 1466 2455 Vterque,

434 2477 438 2486 ¹
486 2487 525 2562 id
536 2485 633 2584 quod
654 2485 748 2561 malo
768 2481 929 2580 exemplo
946 2481 985 2556 in
1000 2485 1181 2562 Thesauro
1200 2490 1352 2566 Graecae
1374 2491 1467 2564 Liu-

485 2645 574 2718 guae
600 2620 736 2718 primus
767 2617 917 2691 instituit
940 2617 1155 2718 Stephanus,
1186 2625 1467 2723 qualemcunque

487 2753 698 2846 versionem,
714 2752 836 2852 (quam
842 2749 929 2826 Aldi
937 2751 1089 2830 Manutii
1104 2779 1240 2855 putem,
1256 2787 1275 2832 a
1289 2757 1468 2858 Stephano

488 2886 651 2961 nonnihil
684 2886 900 2962 immutatam
907 2888 941 2986 ,)
981 2917 1127 2992 eamque
1159 2895 1287 2990 solam,
1330 2895 1465 2968 Graeco

489 3041 651 3096 mntextu
665 3021 812 3114 omisso,
839 3019 1019 3098 dederunt

564 3156 651 3255 Ipsis
658 3156 884 3230 Grammatici
899 3159 1013 3234 verbis
1028 3181 1117 3234 recte
1132 3184 1235 3262 atque
1248 3163 1372 3251 ordine
1386 3191 1469 3240 oon·

489 3287 632 3381 stitutis,
659 3293 818 3389 proxima
839 3318 922 3364 cura
943 3292 1029 3387 fuit,
1056 3317 1094 3370 vt
1116 3296 1153 3369 in
1167 3297 1274 3392 notis,
1300 3327 1386 3399 quas
1399 3298 1468 3372 ad-

489 3420 581 3514 didi,
607 3424 818 3499 variantium
832 3425 1020 3507 lectionum
1034 3430 1137 3506 series
1148 3453 1305 3506 accurate
1318 3434 1469 3508 exhibe-

489 3575 593 3646 retur,
620 3541 772 3654 receptae
787 3580 921 3656 autem,
947 3564 977 3635 si
995 3591 1130 3640 necesse
1145 3588 1248 3660 esset,
1274 3569 1469 3642 rationibus

488 3688 723 3788 exemplisque
754 3693 1009 3770 adsererentur:
1043 3727 1124 3772 nam
1148 3700 1316 3798 Stephani
1342 3705 1466 3778 obser-

487 3843 579 3915 vata,
594 3825 818 3920 quantumuis
834 3829 1022 3928 exquisitae
1036 3835 1241 3910 eruditionis
1254 3837 1367 3935 plena,
1383 3838 1463 3937 qui-

484 3953 551 4041 hus
565 3955 685 4034 Nostri
702 3958 816 4058 Caput
823 3961 981 4038 Atticum
997 3968 1153 4064 ornauit,
1179 3969 1264 4048 dum
1281 3973 1393 4050 varios
1408 4001 1463 4046 ar·-
