3494 4604
465 327 576 374 xxxii
794 297 1133 391 PRAEFATIO

463 469 744 562 Grammaticum
760 509 902 585 qnoque
915 485 1140 583 uulgauerit,
1158 485 1381 564 Constantini
1399 493 1468 566 Lu·

452 624 567 707 ,scaris
591 621 850 696 Grammaticus
875 618 1096 716 subiectum,
1130 621 1212 697 ΑΟ.
1234 628 1339 698 1546.
1366 627 1465 702 Hier.

459 759 586 863 Scotus
603 761 642 836 in
656 760 802 834 Octauo.
815 756 850 848 *)

491 1004 514 1073 l)
537 1007 678 1060 subiectus
703 1021 742 1062 est
764 1012 845 1062 etism
868 1008 1044 1061 Constantino
1068 1009 1173 1060 Lascsri
1194 1007 1227 1059 de
1254 1022 1313 1061 octo
1336 1014 1466 1064 orationis

457 1091 580 1158 pertibus
603 1095 732 1156 impresso
746 1091 871 1145 venetiis*
884 1091 959 1145 1540.
984 1093 1071 1144 lorini
1086 1093 1187 1144 octsul.
1220 1093 1277 1143 lloc
1292 1096 1318 1145 in
1332 1095 1403 1144 libro
1418 1096 1469 1144 sol.

456 1179 491 1234 K.
510 1179 580 1244 leges
599 1177 670 1228 buno
684 1177 813 1228 titulum:
847 1177 932 1228 “Hoc
948 1175 1043 1228 libello
1059 1188 1140 1241 et‘gr.
1155 1187 1181 1226 et
1197 1177 1243 1228 lst.
1256 1175 1388 1230 bebentur
1399 1177 1465 1228 bsec

454 1299 472 1326 „
479 1263 617 1315 videlicet:
635 1261 676 1314 Do
691 1277 848 1327 grsecsrum
861 1264 1025 1326 proprietate
1034 1262 1189 1326 linguarum
1204 1265 1353 1327 exscriptis
1368 1262 1399 1312 de
1407 1274 1463 1311 arte

456 1347 589 1411 „lomois
599 1343 780 1397 Grsmmstici
789 1369 823 1383 ·—
833 1342 972 1397 Plutarchi
985 1343 1018 1394 de
1034 1347 1198 1410 proprietate
1214 1344 1380 1409 lingusruns,
1397 1359 1466 1409 quas

454 1429 551 1498 „spud
569 1429 721 1480 Homerum
738 1451 773 1466 -
786 1428 827 1480 De
848 1445 1005 1496 grsecsrnsn
1019 1431 1184 1496 proprietate
1206 1430 1363 1492 lingnssum
1378 1428 1466 1488 exiis,

454 1530 549 1580 „quse
569 1531 584 1566 s
600 1512 732 1565 Corintho
748 1511 903 1578 decerpts·”
922 1513 1047 1577 Gregorii
1063 1524 1189 1564 uectatus
1203 1513 1241 1560 sie
1259 1512 1400 1576 inscriptus
1416 1524 1467 1562 est:
1494 1497 1497 1502 ¹

455 1593 528 1660 Περὶ
540 1587 695 1662 diuiduum
707 1596 763 1645 τῶν
780 1591 858 1662 παρὰ
866 1594 1018 1662 Κορίνθου
1029 1610 1120 1660 παρεκ
1130 1590 1148 1642 6
1153 1609 1198 1642 ux
1206 1591 1407 1658 ηθεισῶνζιίε).
1424 1589 1467 1645 Ad

453 1681 556 1732 cslcem
574 1679 639 1730 lisec
659 1681 799 1744 leguntur:
825 1678 966 1733 “Veneriis
985 1697 1033 1747 per
1047 1681 1139 1732 iosnrr.
1156 1673 1219 1731 Ant.
1236 1680 1269 1730 de
1286 1677 1419 1728 Nicolinis
1433 1675 1466 1726 de

455 1763 575 1828 „Ssbicn
610 1763 739 1830 Expensis
761 1780 824 1814 vero
843 1762 898 1814 Dni
920 1763 1042 1816 federici
1062 1775 1089 1812 et
1104 1763 1160 1813 Dni
1185 1763 1321 1814 Frsncisci
1340 1759 1464 1811 Asulnni.

453 1847 556 1914 „Asino
570 1849 604 1901 sb
613 1850 678 1902 orbe
691 1847 831 1914 redempto
841 1847 969 1898 MDXL·'’
986 1847 1125 1898 Praeterea
1141 1859 1198 1897 vtor
1208 1845 1327 1897 Psrisins
1341 1843 1467 1904 editione,

452 1933 503 1986 boc
532 1935 613 1984 titulo
636 1934 777 1999 iuscripta:
819 1931 1062 1982 “Dictionnsrium
1079 1927 1216 1978 Graecum
1236 1931 1383 1978 innumeris
1401 1927 1467 1975 locis

452 2029 589 2080 „suctum
605 2034 635 2068 sc
650 2017 862 2082 locupletatum,
881 2017 1043 2081 impressum
1058 2011 1129 2064 nunc
1143 2013 1266 2076 primum
1283 2013 1309 2062 in
1321 2009 1410 2062 Gsllis
1425 2009 1466 2061 liis

452 2136 469 2167 ‚,
480 2103 682 2168 elegantissimis
700 2113 788 2165 typis,
817 2101 860 2150 cui
874 2100 917 2148 sel
939 2111 1077 2162 assurgere
1098 2095 1141 2145 sel
1163 2094 1255 2145 cedere
1280 2096 1337 2145 iure
1354 2095 1467 2146 debesnt

451 2221 469 2248 „
479 2184 639 2238 dictionaria
648 2184 702 2236 slis
711 2184 803 2233 omnis
818 2181 903 2232 sliubi
912 2179 1022 2233 sntelssc
1036 2195 1140 2229 excuss·
1158 2179 1188 2228 ln
1202 2180 1315 2243 gestium
1330 2179 1465 2235 studiosae

452 2305 471 2335 „
483 2271 647 2330 iuuentutis,
675 2265 723 2320 shs
737 2282 790 2333 qus
802 2283 856 2317 non
875 2266 1010 2328 vulgarem
1025 2278 1132 2326 qnoque
1153 2263 1268 2325 grstism
1286 2265 1401 2316 vicissim
1416 2283 1466 2316 ex-

452 2383 468 2408 ,‚
475 2365 614 2420 pectamur
637 2353 697 2415 ipsi.
732 2347 830 2412 c5ritli
843 2345 1002 2409 opusculum
1018 2342 1052 2392 de
1068 2341 1250 2405 dictionibus,
1275 2362 1342 2411 quse
1357 2361 1465 2401 sccentn

451 2448 557 2502 „etque
578 2435 652 2498 spice
667 2431 769 2480 variant
789 2429 975 2492 significatum.
1008 2423 1169 2480 Ammonius
1186 2428 1220 2479 de
1235 2430 1415 2482 similitudine
1436 2451 1466 2484 sc

448 2519 625 2584 „differentis
640 2511 811 2578 quus-undam
832 2510 993 2564 dictionum.
1027 2513 1068 2564 De
1092 2530 1122 2565 re
1143 2517 1258 2568 militari
1280 2528 1416 2577 veterum,
1435 2537 1466 2574 sc

450 2601 678 2670 „praefectorum
691 2595 848 2647 nominibus
864 2596 974 2647 libellus
988 2585 1123 2659 Grnecus',
1140 2598 1260 2651 Autbore
1277 2601 1388 2651 incerto·
1407 2603 1464 2652 Or-

449 2686 542 2750 „bicii
558 2683 592 2733 ds
609 2679 751 2731 ordinibus
771 2681 910 2731 exercitus.
938 2680 1091 2746 Signifiosts
1111 2680 1164 2732 τοῦ
1182 2683 1212 2748 ῆ.
1237 2683 1390 2749 Significatu
1411 2671 1465 2735 ren

451 2767 514 2832 „sic
534 2763 603 2832 (sic).
635 2763 840 2815 Dictionsrium
857 2779 910 2829 qno
931 2764 1013 2815 letius
1030 2765 1336 2840 Graccispexponuutur·
1355 2768 1462 2820 Iosnnis

450 2847 657 2915 „Grsmnsstici
680 2845 791 2896 libellus
808 2845 842 2896 ds
859 2847 1012 2900 differentiis
1036 2853 1208 2917 linguarum,
1249 2851 1463 2902 adolescentibus

449 2934 710 2998 „Grsecsslinguse
724 2929 935 2982 csudidstisnon
946 2933 1020 2984 stilis
1034 2933 1179 2998 modo,sed
1194 2937 1277 2986 etism
1291 2939 1462 2997 necessarius,

449 3060 465 3087 „
475 3036 539 3072 cum
551 3017 628 3069 nullo
650 3017 705 3066 slio
740 3015 838 3067 Lexico
858 3018 1008 3081 impressus·
1027 3018 1144 3079 Lutecie·
1165 3016 1216 3068 Au·
1232 3019 1270 3068 M.
1286 3018 1323 3068 D·
1338 3020 1412 3070 XXI.
1426 3020 1461 3072 sd

449 3101 670 3166 „edentulus”
687 3097 720 3149 In
730 3096 776 3147 lul.
795 3097 827 3148 ln
838 3098 1086 3164 tituloquidem,vt
1101 3113 1220 3168 sppsret,
1233 3118 1286 3152 non
1303 3107 1459 3158 uominstur

448 3186 596 3253 Gregorius
612 3180 783 3234 Corinthius:
807 3179 854 3230 sed
873 3191 932 3246 post
943 3184 1073 3238 loannem
1096 3185 1317 3238 Grsmmsticum
1338 3191 1460 3254 sequitur

443 3271 481 3334 Ιι)
498 3264 672 3318 noctanter
694 3262 756 3334 περὶ
779 3261 833 3312 τῶν
859 3261 924 3330 παρ’
940 3259 1059 3333 Ὁμήρῳ
1086 3263 1256 3329 διαλέκτων,
1284 3283 1311 3320 et
1347 3271 1380 3332 α)
1399 3268 1462 3336 περὶ

447 3346 601 3403 διαλέκτων
615 3347 671 3397 τῶν
678 3344 914 3414 παριὶΚορίνθου
930 3347 1194 3416 παρεκβληθεισῶν.
1212 3352 1330 3406 Vltimus
1345 3355 1456 3408 libellus

448 3437 536 3502 ¹explet
552 3433 644 3484 decem
658 3425 740 3494 solis,
758 3450 876 3500 quorum
890 3435 992 3502 singuli
1006 3435 1081 3488 binss
1097 3437 1237 3486 columnss
1253 3447 1352 3490 tenent.
1389 3441 1460 3493 lines
1476 3437 1483 3448 '

448 3519 531 3570 editio
547 3532 623 3582 ssepe
637 3521 760 3583 congruit
775 3534 838 3568 cum
852 3518 978 3571 l'srisinis
992 3519 1145 3572 codicibus.
1180 3519 1260 3572 nne.

513 3599 623 3654 Addsm
644 3602 754 3651 titulum
780 3599 892 3653 Venetae
913 3604 1038 3654 editionis
1062 3606 1089 3654 in
1113 3603 1162 3654 lol·
1178 3605 1266 3668 mim,
1287 3624 1369 3673 qnsm
1386 3609 1460 3661 Tin.

447 3703 558 3738 mannus
579 3696 667 3736 noster
692 3683 827 3751 possidet:
851 3687 1084 3739 '‘nicrionnnivu
1105 3703 1243 3739 cunctit-
1260 3687 1357 3754 Cyrilli
1373 3693 1460 3741 colle-

449 3771 527 3831 „ctio
537 3767 686 3818 dictionum
703 3784 769 3832 quse
778 3767 905 3819 dillerunt
919 3771 1075 3834 significem·
1093 3772 1231 3822 Dictiones
1248 3773 1458 3841 lstinssgrnecis

446 3892 461 3915 „
471 3854 615 3919 expositus.
651 3848 790 3900 llinmonii
812 3852 846 3902 de
861 3854 1012 3912 similibus,
1037 3867 1063 3904 et
1079 3855 1262 3908 differentibus
1280 3859 1456 3912 dictionibus.

447 3937 546 3996 „Vetus
568 3937 716 3994 instructio,
736 3947 762 3984 et
778 3934 1008 3990 denominetiones
1023 3933 1154 4008 plectoru
1166 3937 1266 3994 militi.
1301 3943 1407 3994 Orbicii
1422 3943 1456 3994 de

449 4019 626 4077 „nominibus
642 4017 770 4072 ordinum
787 4015 958 4074 militarium·
994 4021 1173 4077 Choerobosci
1190 4023 1224 4074 de
1248 4027 1288 4078 liis
1310 4027 1453 4094 inquibus
