2544 4320
108 83 497 172 tzounenr'arm
526 101 978 167 ennnenanarnrcn.
1023 111 1083 189 ιιι

15 301 114 352 ,τις
148 269 246 362 ,φαίη
259 318 270 350 ,
303 266 541 344 Πλατωνικός,
578 268 619 334 ου’
645 275 985 359 προςυπακοαομὲνου
1020 277 1082 342 τοῦ

34 361 107 424 τό
119 379 209 444 μου
232 357 254 434 ἢ
272 357 426 440 χιτῶνος,
457 353 574 429 α’τιλές
595 353 673 418 ἐστι.
718 358 913 444 Etymelng.
936 359 1079 426 Sorbon.

3 461 5 494 ῑ
41 443 123 506 dat
152 443 212 508 τοῦ
234 441 365 523 νόμος
388 438 411 518 ἢ
430 437 577 524 χιτών,
599 441 688 524 quod
711 441 805 507 adito
820 443 957 508 videtur
978 467 1079 531 prae-

6 545 13 552 ·
37 525 276 590 ferendum:
299 525 499 627 Etpmolog.
522 522 626 586 Paris.
650 525 744 590 2630.
774 529 832 592 τοῦ
856 524 1084 611 ὀνόματος

2 622 5 653 ῑ
42 603 80 683 a?
104 633 261 690 χιτωνος.
304 607 374 672 Hie
400 629 502 672 nemo
532 629 601 672 non
636 607 731 675 videt
752 609 934 678 librarium
958 625 1078 679 notam

1 816 11 854 :
54 707 122 840 til,
150 759 304 827 habuisse
324 781 389 846 pro
406 700 444 838 ὅ,
465 781 504 824 ac
525 781 708 846 perperam
730 759 931 847 explenieae.
957 765 1076 848 Addo,

359 862 375 895 ο

59 913 320 1002 compendium
348 913 388 975 Ν
392 957 401 990 ,
433 915 537 976 ettam
566 909 714 995 νόμισμα
770 933 842 977 osse
870 911 1075 998 significare.

62 983 177 1064 Cous.
214 994 419 1083 Apollonius
454 994 595 1060 Vittois.
634 997 699 1058 tab.
735 933 793 1058 lit.
842 995 955 1085 ltaque
990 1001 1073 1086 quid

2 1129 20 1163 ‘-
62 1088 209 1170 quoque
231 1082 309 1147 loco
331 1079 529 1145 huiusmodi
552 1079 632 1143 notd
653 1080 863 1160 sipnilicetur
907 1082 999 1147 solus
1014 1086 1074 1147 do·

2 1233 6 1243 ,
64 1171 138 1232 tet
162 1176 343 1232 contextae
372 1164 565 1230 verborum.
615 1162 656 1229 In
683 1163 831 1230 Selroliis
871 1130 994 1232 Venet.
1026 1171 1070 1234 nd
1188 1197 1191 1204 ·

2 1293 21 1312 .
63 1223 171 1316 ltin.
200 1254 248 1335 n,
287 1251 335 1313 ιι.
358 1248 573 1316 vitumnus
604 1247 725 1314 enan:
762 1251 795 1314 οι
817 1250 854 1315 rr
874 1248 1073 1330 αωαιςοι.

1 1400 2 1403 ,
64 1335 136 1424 {ee
165 1337 218 1402 ἐπὶ
246 1334 284 1400 τό
316 1331 529 1420 ὄρσομεν,
573 1331 677 1398 πάλιν
713 1330 780 1400 ὑπὸ
811 1337 869 1413 τῆς
895 1340 1073 1417 πευστικῆς

1 1486 2 1489 ,
63 1419 280 1508 ’ὑποκρίσεως
317 1422 526 1491 πλανῶνται,
564 1416 636 1482 ἐπεὶ
666 1421 725 1481 καὶ
761 1421 833 1494 τοῖς
870 1421 1071 1504 δισταγμοῖς

66 1503 179 1582 (κύτος
212 1501 314 1580 (cod.
366 1499 475 1590 αὕτη)
514 1502 708 1586 συμβέβηκε
743 1501 922 1578 uallatum·
959 1506 1070 1588 μηδὲ

62 1589 294 1673 (πιέζωμεν
321 1585 377 1650 ἐπὶ
407 1585 446 1654 τὸ
474 1582 628 1673 ὄρσομεν.
659 1583 767 1675 ὁγὰρ
789 1584 905 1669 λόγος,
933 1590 1071 1677 φραζώ-

63 1673 159 1748 μεθ’
180 1673 221 1750 ὠς
241 1669 337 1740 ἔσται
359 1673 484 1750 ταῦτα,
511 1669 658 1756 πότερον
681 1671 785 1736 πάλιν
805 1670 953 1756 πόλεμον
974 1673 1071 1753 ποιή-

66 1781 191 1846 υομιν,
221 1757 242 1837 ἡ
271 1753 375 1837 (cod.
407 1765 499 1822 recte
521 1752 564 1835 ἢ)
592 1751 710 1841 φιλίαν
738 1755 959 1840 ἐμβαλοῦμεν.
1000 1757 1071 1824 Pro

66 1913 177 1996 μηδὲ
202 1910 414 1993 στὶζωμεν
437 1905 556 1972 Codex
579 1904 681 1984 habet
702 1858 726 1983 ii
746 1905 782 1970 δὲ
804 1906 968 1992 στίζομεν
989 1907 1069 1994 (tab.

76 1999 116 2062 V.
141 2017 240 2064 num.
266 2004 352 2094 τι),
374 1994 466 2080 quod
488 1990 673 2078 legendum
696 1991 816 2075 ἡμεῖς
838 1990 882 2056 δὲ
904 1991 1072 2080 στιζομεν,

19 2181 24 2189 ·
67 2173 142 2219 non
159 2151 245 2234 μηδὲ
266 2169 315 2212 στ.
361 2143 413 2210 De
434 2154 515 2208 nota
536 2095 579 2223 ii,
612 2163 696 2228 quae
727 2163 846 2207 onmes
876 2165 970 2209 casus
992 2168 1073 2232 pro.

65 2233 222 2301 nominis
249 2231 311 2317 ἐγώ
339 2229 376 2293 in
397 2226 740 2316 pluralisignificare
762 2238 894 2313 potest,
915 2251 945 2295 v.
966 2231 1074 2294 etiarn

64 2317 385 2388 Montelalruniurn
415 2312 590 2396 Palaeogr.
619 2335 653 2400 p.
682 2311 753 2375 345.
785 2312 848 2376 col.
888 2335 913 2375 1.
943 2335 975 2379 v.
1009 2336 1074 2399 17.,

64 2403 130 2492 qui
158 2402 256 2465 illam
280 2399 525 2483 interpretatur
544 2393 647 2478 ἡμῶν.
688 2395 793 2461 Plura
813 2398 991 2484 exempla,
1028 2423 1072 2464 ne

65 2487 128 2554 hic
150 2486 289 2551 libellus
310 2481 412 2550 nimis
434 2492 628 2562 excrescat,
657 2480 788 2544 omitto.

135 2571 172 2636 si
194 2569 264 2650 ibi,
284 2567 342 2632 rbi
365 2565 490 2652 aliquid
515 2565 794 2651 superscribitur,
826 2584 892 2629 vua
912 2565 1073 2652 pluresue

67 2657 211 2722 litterae
233 2666 292 2718 aut
311 2651 460 2738 syllabae
490 2651 719 2735 omittuntur,
752 2651 883 2715 litterae
908 2649 1002 2713 vocis
1029 2651 1073 2729 ei,

68 2761 160 2828 (pune
184 2739 220 2803 in
242 2737 314 2825 ipsd
332 2735 419 2800 lineri
441 2745 490 2800 eet
512 2745 701 2832 postrema,
730 2757 771 2797 ex
795 2731 920 2830 regulet
948 2732 1077 2798 lineola

67 2825 201 2910 exigua
230 2822 309 2886 eddi
336 2821 441 2901 solet,
473 2818 566 2882 iltius
594 2818 699 2882 index
728 2815 929 2886 omissionis,
982 2814 1072 2881 Vide

65 2911 165 2975 hanc
188 2908 350 2971 lineolam
380 2929 407 2969 e.
427 2925 455 2965 c.
485 2902 549 2966 tab.
573 2899 598 2964 I.
617 2925 710 2966 nuni.
736 2905 785 2966 15.
808 2901 844 2965 in
867 2921 948 2963 rone
969 2921 1074 2964 eom-

64 2991 237 3077 pendiose
265 2991 388 3076 scripta
416 2986 626 3069 δηλωτικὸν,
656 2999 689 3051 et
717 2986 781 3048 tab.
806 2983 847 3048 V.
871 3005 964 3049 num.
988 2985 1016 3048 8.
1035 2984 1073 3049 in

66 3101 101 3141 r.
127 3075 254 3165 ἡμέρας
275 3085 309 3140 et
330 3072 554 3156 πλεονασμός.
596 3071 662 3135 Sed
685 3068 767 3133 haec
788 3068 915 3133 lineola
937 3091 955 3132 a
975 3067 1078 3133 libra·

65 3161 132 3227 riis
155 3185 255 3248 saepe
278 3159 465 3243 negligitur
486 3167 536 3231 (v.
558 3153 714 3242 Append.
743 3175 775 3238 p.
804 3154 851 3217 16.
876 3153 986 3233 not.):
1022 3153 1075 3217 in-

68 3246 215 3311 terdurn
245 3265 326 3310 vero
355 3242 455 3305 etiarn
478 3238 525 3304 ibi
549 3238 723 3326 pingitur,
751 3236 807 3300 vbi
828 3259 897 3301 non
921 3261 1000 3302 vera
1026 3249 1077 3302 est

68 3330 272 3394 litterarum
295 3339 355 3391 aut
375 3323 589 3412 syllabarum
610 3322 768 3405 omissio,
784 3325 841 3385 sed
862 3324 965 3386 modo
980 3347 1075 3390 com·

67 3414 242 3500 pendium
277 3409 441 3477 scribendi
482 3407 598 3471 locum
639 3405 751 3471 habet.
796 3404 895 3471 Conf.
924 3406 988 3471 tab.
1026 3408 1073 3472 V.

69 3521 175 3566 num.
213 3521 238 3562 ι.
274 3517 372 3561 voces
410 3495 508 3559 οἴκου
541 3503 576 3556 et
602 3490 815 3557 Ἀνδοκίδου.
875 3489 998 3557 Monui
1031 3489 1075 3555 ad

73 3584 227 3670 Gregor.
257 3603 289 3668 p.
324 3579 408 3662 116„
439 3598 537 3640 voces
560 3577 643 3641 λέων
663 3586 697 3640 et
725 3576 831 3659 λέγων
859 3581 908 3664 (v.
941 3577 1006 3640 tab.
1029 3575 1075 3640 V.

68 3689 172 3732 num.
201 3669 267 3746 tt.)
291 3665 363 3728 sold
386 3661 509 3727 lineolrl
533 3661 671 3727 interae
694 3661 894 3747 discrepare.
940 3661 1077 3722 Verum

69 3753 141 3816 hoe
164 3763 234 3837 est,
257 3750 420 3832 huiusque
443 3745 647 3812 discriminis
678 3745 923 3834 dilrpentiorea
943 3744 1076 3809 scribae

738 3829 847 3908 Ddd
