3494 4604
473 220 611 348 xxx
705 345 708 354 ,
805 266 1139 352 enanexfnxo
1230 318 1236 346 ,.

472 460 518 535 ad
533 457 749 536 Vossianum
767 453 930 554 inprimis
947 454 1134 549 codicem,
1161 484 1234 556 qno
1250 458 1339 532 olim
1353 462 1391 534 in
1403 461 1474 536 At-

471 597 548 670 ticis
573 591 785 668 adornandis
811 589 989 664 chricus
1013 591 1215 691 Stephanus
1238 621 1320 670 vsus
1347 596 1472 691 fuerat,

471 729 661 831 exigenda,
685 727 837 828 cogitare
857 726 967 824 coepi.

545 910 602 982 De
617 906 688 980 hoe
703 905 854 980 consilio
870 905 999 978 certior
1013 906 1123 978 sactus
1138 905 1389 1003 Ruhnkenins,
1405 911 1472 984 Vir

470 1042 637 1118 iuuandis
659 1043 716 1116 his
736 1042 846 1116 literis
863 1063 983 1135 natuS,
1010 1043 1085 1115 sine
1102 1067 1200 1116 mora
1219 1041 1336 1118 adme
1357 1065 1473 1118 trans-

470 1181 565 1254 misit
587 1179 792 1252 collationes
818 1177 973 1252 dnorum
998 1179 1270 1275 exemplarium,
1298 1207 1388 1277 qnae
1403 1207 1473 1258 vno

471 1314 605 1390 Codice
632 1314 744 1412 Regio
773 1315 818 1387 N.
849 1317 957 1388 2662.
986 1312 1047 1386 scd
1071 1312 1167 1387 varia
1193 1341 1300 1386 nranu
1326 1316 1472 1414 scripta,

468 1450 704 1526 continentur.
757 1449 924 1554 E'chiis
943 1451 1016 1523 istis
1033 1448 1291 1547 exemplaribus
1310 1451 1469 1544 alterum,

468 1584 568 1690 qnod
583 1585 762 1684 antiquius
778 1607 886 1686 puto,
907 1585 1082 1663 Vossiano
1098 1584 1252 1658 bonitate
1269 1585 1471 1684 proximum

467 1744 537 1818 est=3
563 1723 733 1815 alterurn,
760 1745 796 1800 vt
812 1721 963 1814 videtur,
989 1719 1180 1815 recentius,
1198 1721 1471 1796 Veterumscri·

467 1881 610 1959 ptorum
632 1860 810 1958 exempla,
845 1858 976 1959 quibus
998 1854 1094 1930 dicta
1122 1855 1381 1930 Grammaticus
1404 1856 1470 1930 ad-

466 1994 587 2087 struit,
605 1994 815 2093 plerumque
830 1992 970 2069 omittit.
1007 1991 1205 2090 Vtriusque
1220 2017 1305 2066 vcro
1318 1994 1468 2089 collati0,

466 2128 566 2230 quod
591 2127 773 2223 dolemus,
799 2126 918 2201 Attica
944 2127 1113 2201 duntaxat
1138 2127 1400 2225 complectitur,
1435 2151 1469 2206 et

464 2287 601 2366 partem
618 2265 852 2337 Doricorum:
879 2261 1044 2335 videlieet
1060 2259 1238 2358 optimum
1262 2262 1300 2335 in
1318 2263 1346 2360 §-
1357 2262 1465 2340 CLII.

465 2404 615 2474 alterum
632 2399 669 2470 in
687 2395 717 2492 ᾗ.
735 2395 936 2469 XXXVII.
955 2395 1090 2493 Capitis
1108 2394 1264 2470 Secundi
1280 2398 1418 2506 desinit,

465 2686 471 2696 Ι
539 2585 697 2682 Deinde,
724 2586 876 2661 eumad
899 2589 1178 2662 Grammaticum
1201 2588 1469 2665 emaculandum

465 2725 556 2800 serio
583 2749 640 2796 me
665 2721 901 2832 accingerjem,
944 2723 1099 2798 officiosa
1124 2723 1301 2825 Theologi
1329 2727 1467 2820 eximii,

463 2859 626 2934 Danielis
645 2855 826 2949 Gerdesii,
854 2858 927 2931 τοῦ
950 2857 1198 2956 μακαρίτου,
1226 2887 1349 2960 opera,
1377 2890 1468 2937 con-

464 2971 623 3070 ciliatore
646 2991 795 3070 Ewaldo
822 2991 1057 3089 Hollebelxio,
1099 2992 1209 3068 adfini
1230 2997 1409 3072 carissimo
1433 3021 1467 3073 et

449 3131 693 3224 ·suauissimo‚
726 3157 834 3229 quem
850 3129 997 3204 honoris
1014 3159 1134 3206 caussa
1152 3136 1318 3227 nomino,
1346 3156 1467 3208 nactus

463 3291 542 3336 sum
575 3261 719 3336 Codicis
752 3261 920 3338 Vaticani
953 3267 1208 3366 apographum.
1262 3267 1382 3343 Codex
1413 3291 1464 3343 est

463 3399 681 3492 chartaceus,
707 3397 797 3471 inter·
814 3399 1004 3475 Vaticanus
1027 3402 1074 3476 N.
1100 3427 1159 3498 97.
1179 3403 1280 3477 cuius
1300 3403 1464 3480 lectiones

463 3534 600 3634 saepius
617 3553 794 3606 comante
811 3532 913 3606 editis
931 3538 1157 3610 conueniunt.
1198 3538 1268 3612 Vel
1285 3539 1336 3611 sic
1349 3561 1464 3614 tamen
1504 3529 1508 3538 ¹

463 3697 537 3744 non
560 3668 716 3769 poenitet
738 3666 842 3740 illum
866 3667 1086 3764 adhibuisse,
1121 3671 1220 3772 quod
1238 3673 1325 3748 locis
1344 3675 1465 3755 multis

464 3832 583 3883 veram
600 3799 765 3900 Gregorii
782 3830 929 3876 manum
941 3805 1173 3880 conseruauit.

540 3971 577 4052 Α
602 3969 794 4050 codicibus
819 3973 919 4070 satis,
953 3996 991 4052 vt
1015 3974 1107 4050 mihi
1132 3972 1279 4077 quidem
1303 3976 1459 4074 videbar,
