2542 4388
240 119 301 201 596
343 113 623 179 GREGORIVS
643 107 983 173 Dnntttsscro
1004 111 1139 182 tottttt

242 310 309 367 σιν,
330 285 455 370 ὁμοίως
471 287 531 350 καὶ
545 285 621 358 ταῖς
634 281 797 368 μετοχοιῑς·
812 282 878 347 τῶν
890 283 1146 368 περισπωμένων,

242 370 356 447 ἁπλῶς
380 367 492 436 εἰπεῖν
515 367 643 442 πάσαις
667 365 861 448 ἐγκλίσεσιν
887 367 1027 443 ἐντελῶς
1047 369 1132 455 κέχρη

178 465 179 471 ’
242 459 285 534 ὡς
300 459 334 522 ἐν
352 455 716 540 τοτ’ςΆντικρεοντειόις
735 449 801 530 68)·

492 608 531 619 -
556 608 596 620 -
619 607 660 618 -
682 558 757 632 οἷον

447 655 579 733 Λοκὲει,
602 651 718 718 κλύειν
744 653 811 738 γάρ
834 648 898 732 ἥδε

448 739 599 808 Λαλὲειν
623 759 675 812 τις
699 733 731 802 εἰ
759 737 922 816 θελήσει.

244 864 303 928 καὶ
327 859 428 948 ἐντῷ
453 855 626 941 Χριισμῷ·

406 992 448 1008 ·-
470 949 511 1006 —-¹
545 958 604 1018 καὶ
627 957 668 1020 ού
692 957 876 1032 λαλέοντος
897 954 1026 1022 οἷκούωὶ

240 1082 302 1146 καὶ
323 1075 527 1163 Ἡρόδοτος·
549 1075 634 1154 »καὶ
647 1063 836 1152 νησιωτέων
849 1073 1006 1167 μάλιστα
1024 1071 1201 1139 intonent

251 1257 472 1272 ...ι-’-

239 1388 299 1448 pro
320 1361 426 1425 ἀκούω
439 1361 533 1424 habet
550 1357 705 1435 οἰκούσεις,
726 1363 803 1420 etin
820 1361 975 1420 Herodoti
988 1363 1057 1428 λοοο,
1067 1369 1117 1424 καὶ
1128 1359 1205 1420 omit·

239 1455 281 1511 sit
293 1459 364 1510 ante
382 1448 566 1522 νησιωτέων.
611 1444 687 1506 cod.
709 1447 836 1525 August.
860 1448 898 1506 ab
914 1445 1011 1504 initio
1029 1447 1142 1527 negligit
1157 1447 1208 1510 τοῖς

134 1539 137 1548 ’
240 1535 487 1614 παρατατικοῖς,
510 1529 678 1592 articulum
705 1531 749 1588 sic
772 1532 915 1590 ordiens:
949 1537 1010 1592 καὶ
1034 1537 1143 1596 ἐντοῖς
1161 1536 1211 1590 tse-

238 1621 374 1688 στῶσιν,
397 1624 454 1674 eto.
521 1610 783 1680 Deindeomittit
808 1619 991 1696 ἐγκλινισιν,
1010 1635 1109 1674 vacuo
1131 1612 1213 1692 spatio

238 1703 315 1764 huic
331 1700 403 1770 voci¹
415 1699 537 1758 relicto.
581 1699 615 1756 ln
635 1699 872 1757 Anacreonticis
893 1719 954 1779 pro
972 1693 1029 1772 ἥδε
1052 1733 1094 1746 -
1113 1696 1216 1770 θελήσει

239 1787 317 1847 item
333 1783 428 1844 habet
451 1801 584 1842 vacuum
601 1781 733 1860 spatium
754 1783 888 1860 quinque
913 1782 1018 1842 ferme
1034 1783 1216 1862 syllabarum.

240 1869 383 1948 Denique
398 1886 462 1926 non
479 1865 574 1925 habet
587 1872 643 1926 καὶ
657 1865 823 1946 Ἡρόδοτος
843 1903 884 1916 -
906 1866 1090 1930 ἐπλούτεον.
1108 1867 1218 1926 Sonus.

283 1953 336 2030 68)
359 1953 400 2018 ως
412 1958 444 2012 ἐν
459 1953 522 2017 τοῖς
536 1946 744 2030 vivonensi]
770 1951 896 2014 variant
922 1951 1078 2010 nonnihil
1100 1951 1128 2008 in
1147 1952 1220 2008 Ana·

240 2036 395 2096 creonteis
409 2055 481 2092 cum
501 2031 570 2098 edd.
595 2043 660 2092 tum
680 2033 765 2094 MSS.
785 2038 912 2096 Δοκέειν
934 2035 1084 2112 praefert
1104 2035 1178 2093 voss.
1194 2041 1221 2091 et

238 2122 376 2182 Λαλέειν
393 2141 438 2183 τις
456 2115 609 2190 ἐθελήσοι.
631 2122 678 2182 τὶς
699 2121 829 2194 θελήσει
849 2119 946 2176 vatic.
992 2122 1038 2180 A.
1062 2143 1110 2186 τις
1129 2127 1153 2178 τι
1174 2121 1221 2178 θη.

238 2202 324 2276 λήσει
341 2201 467 2260 Meerm.
488 2210 518 2258 et
532 2199 603 2257 edd.
620 2201 797 2283 pleraeque.
820 2211 849 2264 εἰ
862 2200 983 2286 θελήσῃ
998 2201 1222 2274 Gor·montiaoa;

239 2287 322 2365 quod
336 2285 494 2344 soloecum
507 2295 562 2342 est.
608 2283 687 2345 Οἷον
707 2307 778 2346 cum
800 2286 883 2348 Voss.
908 2287 1123 2346 Anacreontis
1137 2286 1222 2346 versi-

239 2370 317 2428 culis
331 2367 469 2439 attexui,
491 2369 638 2444 quoniam
658 2366 744 2444 alias,
772 2371 825 2430 vbi
840 2371 881 2438 ως
895 2371 1042 2447 proxime
1060 2389 1223 2448 praecesse-

237 2461 298 2525 rat,
320 2453 425 2511 locum
439 2470 528 2510 suum
543 2451 623 2514 tueri
636 2471 698 2511 non
717 2475 804 2532 posse
820 2455 996 2518 ridebatur.
1049 2453 1153 2536 [Οῐον
1171 2473 1223 2512 non

237 2545 313 2616 puto
330 2557 347 2593 a
367 2537 458 2614 potita
478 2536 665 2612 profectum,
687 2539 739 2614 qui
761 2539 800 2597 de
821 2537 954 2614 imagine
967 2537 1108 2617 puellae
1129 2537 1165 2598 ad
1182 2537 1223 2598 ri-

137 2680 140 2686 .
236 2640 313 2682 vum
332 2637 478 2698 expressa
494 2617 573 2678 haec
586 2619 713 2680 videtur
726 2623 890 2682 cecinisse:

446 2707 558 2766 Δοκίει
581 2701 684 2764 κλύειν
704 2704 766 2788 γάρ
788 2700 851 2781 vicie,

445 2788 584 2849 Λαλίειν
604 2809 650 2854 τις
668 2798 698 2850 εἰ
716 2789 850 2864 θελήσει.
931 2830 937 2856 ι

237 2871 387 2954 sennan]
431 2871 508 2930 Cum
530 2880 602 2932 ante
622 2871 713 2934 editis
731 2875 837 2934 omisit
858 2873 901 2934 Io.
924 2873 1018 2936 Corn.
1035 2877 1076 2937 de
1091 2877 1224 2938 Pauwin

237 2956 345 3039 Lyrici
358 2957 468 3036 fragm.
488 2976 518 3033 p.
542 2955 613 3033 276.
657 2957 690 3015 Si
708 2957 778 3022 οἷον
800 2959 908 3032 δοκέει,
931 2975 1084 3040 qnantum
1109 2965 1224 3034 videtur,

233 3043 276 3104 ab
298 3040 550 3100 antecedentibus
570 3041 755 3119 pependisse
776 3051 939 3116 statuatur,
960 3045 1066 3109 κλύειν
1088 3048 1123 3106 in
1147 3045 1225 3106 κλύει

233 3125 320 3201 ¹soret
335 3124 598 3186 commutandum·
644 3124 831 3201 Oraculum,
853 3148 914 3206 quo
927 3126 1045 3188 Noster
1062 3132 1173 3198 vtitur.
1186 3137 1226 3188 est

236 3207 320 3285 apud
332 3207 483 3268 Herodot.
499 3229 529 3288 p.
546 3227 596 3282 σν,
614 3209 664 3274 25.
680 3211 734 3269 vbi
755 3213 888 3289 legitur:
919 3217 977 3274 καὶ
994 3211 1035 3274 ού
1056 3215 1225 3292 φωνεῦντος

233 3289 355 3360 ἀκούω,
390 3291 607 3353 Grammaticis
636 3294 765 3372 aliisque
791 3295 860 3357 sere
884 3296 1021 3356 alterum
1048 3298 1225 3358 citantibus:

234 3375 302 3439 ,vict
317 3374 361 3432 ibi
375 3373 478 3434 Celeb.
498 3379 677 3457 Wesseling.
693 3373 872 3440 Herodoteo
894 3388 951 3443 καὶ
969 3388 1150 3455 νησιωτέων
1162 3380 1224 3466 μοι’-

234 3463 326 3520 λιστα
343 3455 520 3529 ἐπλούτεον,
537 3461 569 3517 in
584 3462 683 3539 prior.
699 3462 768 3521 edd.
782 3472 814 3522 et
830 3464 958 3524 Meerm.
971 3465 1159 3540 desiderata,
1172 3487 1225 3526 ex-

233 3553 318 3602 stant
334 3562 363 3620 p.
379 3543 450 3615 224,
466 3545 517 3600 [ιι.
533 3563 595 3621 quo
607 3545 765 3622 pertinere
786 3547 867 3606 hanc
882 3550 1146 3624 obseruationem,
1179 3550 1228 3609 rel

232 3628 316 3685 sotus
336 3627 423 3700 ordo,
448 3646 508 3704 quo
532 3628 707 3692 Herodotea
729 3631 880 3711 quaedam
904 3641 1090 3711 tractantur,
1114 3636 1225 3698 docere

231 3711 389 3791 potuisset.
442 3709 542 3775 Korn.
