3336 4328
226 108 648 180 compellante
677 108 1138 173 rsuaaoeaat’fflca.
1183 113 1241 176 811

190 347 442 416 Homericis
470 343 685 412 Villoisonus
714 295 740 409 ἔ
753 342 837 430 legit
865 334 920 428 ui,
940 369 1021 413 cum
1043 303 1157 436 legere
1183 347 1247 416 de-

190 447 341 500 seret
365 433 441 518 ἔχω.
465 453 494 494 r.
515 429 673 518 Appead.
705 451 737 516 p.
758 433 808 495 53.

309 519 452 598 Ztim.
482 512 733 662 Lexicopraphi
751 527 893 580 vtuutur
917 513 980 579 bae
1003 538 1106 600 vose,
1143 531 1261 606 quan·'

189 595 263 662 lo
318 604 458 668 lectores
488 599 530 664 ad
561 599 644 664 elios
706 597 884 665 exirurum
912 623 1052 666 suorum
1086 604 1249 668 articulus

189 690 452 769 emundant,
471 706 498 748 e.
522 707 550 748 e.
572 682 679 763 Ζήτει
699 683 748 758 εὶς
771 683 811 749 τὸ
831 681 989 768 ἄμπελος.
1036 686 1123 752 Vide
1142 687 1175 752 iu
1192 689 1248 764 sie.

189 785 249 859 -13
304 771 434 836 Codice
459 769 668 853 Hermogen.
696 769 779 854 1983.
806 769 888 834 baec
912 793 979 835 vox
1003 794 1065 858 per
1087 795 1250 860 compen-

189 843 344 920 llum
365 857 413 919 sic
435 853 617 936 scribitur,
642 864 676 917 vt
698 855 880 918 ostendunt
903 857 1014 940 prima
1038 855 1107 924 duo
1130 877 1249 921 exem-

189 931 325 1025 an,
354 940 449 1020 ζήτει
479 943 515 1006 δὲ
546 933 594 1013 εἰς
623 935 662 1003 rei
684 950 719 1001 et
744 934 854 1017 ζήτω,
878 941 942 1002 tab.
971 939 1025 1004 VI.
1048 964 1140 1006 uuru.
1162 943 1193 1004 ti.
1217 961 1249 1006 r.

189 1009 323 1088 Ure
349 1047 399 1088 or.
424 1050 457 1114 p.
479 1025 550 1107 459.
596 1023 716 1088 Cetera
746 1022 902 1108 exempla
926 1023 1017 1090 vocis
1041 1026 1137 1105 ζήτει
1158 1048 1251 1088 rum·

189 1049 411 1244 &ulfiam
442 1108 587 1195 scriptae
617 1105 723 1172 sumsi
746 1127 788 1172 ex
812 1108 1007 1194 Etymulog.
1031 1111 1132 1176 Paris·
1156 1111 1251 1176 2630.

261 1213 296 1255 e
323 1192 436 1281 primo
460 1196 551 1258 Zeta
577 1214 718 1273 rnoneo,
749 1189 778 1253 si
808 1191 876 1255 dua
905 1196 1017 1280 apices
1041 1193 1252 1278 coniungun-

189 1265 325 1378 ἥλω,
352 1277 433 1342 iude
461 1275 625 1342 exsistere
661 1277 759 1340 Beta:
792 1276 833 1342 de
855 1279 1025 1362 serundo,
1049 1281 1195 1344 multum
1218 1279 1251 1346 ei

188 1360 484 1428 ⁸mulitudinis
522 1361 726 1425 intercedere
758 1381 837 1424 cum
869 1374 948 1428 nota
980 1363 1168 1452 particulae
1205 1363 1251 1428 δέ.

191 1423 448 1534 ἙιγωοΙοΗ.
475 1446 579 1510 Paris.
604 1443 746 1530 Ἔρως,
782 1445 905 1522 ὁποῦς
934 1451 992 1526 τῆς
1014 1449 1148 1526 κλίνας,
1184 1445 1252 1514 ἀπὸ

208 1537 307 1596 ‘tou
333 1529 527 1616 ἕνείρισθαι
557 1531 604 1620 τῷ
631 1529 788 1619 ἐμπλατφ
815 1537 910 1614 (vex
932 1531 1051 1598 nihili:
1088 1535 1150 1629 lep.
1173 1555 1253 1598 cum

225 1606 447 1682 doctissimo
468 1615 581 1701 Corey
606 1613 776 1704 ἐνηλάτφ,
799 1627 837 1678 vt
858 1615 961 1679 etiam
988 1619 1176 1703 Hesychius
1194 1617 1253 1682 ba·

233 1688 306 1764 bet
335 1724 366 1764 v.
402 1696 587 1787 ἕρμιναε),
619 1696 754 1788 ἢααρα
786 1699 825 1766 τὸ
852 1696 985 1786 Ἑρμᾶς
1009 1699 1113 1788 ἔχειν·
1144 1706 1183 1767 ui
1206 1703 1252 1767 δὲ

253 1785 412 1870 γράφοι
432 1784 516 1868 (sirz
540 1781 628 1848 corti.
652 1782 717 1846 tab.
743 1783 803 1848 VI.
819 1805 913 1848 num.
937 1788 991 1869 γ.)
1012 1787 1078 1870 γαρ
1101 1783 1254 1876 ἔγραφον

188 1879 194 1910 '¹
258 1877 309 1935 aas
329 1866 467 1956 Ἑρμῆν
496 1869 532 1935 ἐν
556 1873 632 1943 ταῖς
661 1866 792 1944 κλίναις
813 1869 856 1944 ὡς
877 1865 1005 1958 ἔφορον
1025 1869 1180 1955 ὀνείρων,
1211 1865 1256 1935 ἵν’

258 1952 413 2040 ἀγαθούς
433 1953 582 2040 ὀνείρους
604 1953 726 2042 πέμπῃ.
767 1953 817 2018 Oi
847 1957 889 2022 δὲ
917 1955 1083 2042 γράφοι
1110 1956 1255 2020 debetur

187 2095 189 2108 .
256 2039 362 2104 errori
391 2039 440 2102 sic
467 2059 648 2125 perperam
676 2038 706 2099 le
731 2036 819 2102 eutis
854 2061 919 2128 pro
950 2042 989 2103 ui
1029 2039 1257 2132 ζωγράφον

253 2124 351 2210 (ibid.
394 2145 439 2189 ex
472 2121 670 2209 Etymolog.
703 2058 873 2204 gamem).
916 2121 1054 2188 Scilicet
1094 2125 1257 2188 librarius

250 2221 416 2334 {habuit
436 2262 501 2328 pro
523 2251 602 2306 nota
626 2235 811 2324 particulae
834 2244 892 2323 δὲ,
916 2254 1100 2329 notamque
1123 2242 1258 2308 litterae

247 2386 274 2426 ω
295 2385 367 2454 pro
391 2371 528 2425 accentu
552 2356 660 2444 graui.

187 2463 189 2468 ·
316 2447 410 2512 Oura
435 2446 517 2508 baec
538 2444 745 2525 scriberem,
774 2442 1000 2510 amicissimus
1029 2442 1262 2510 Boissouadus

187 2549 209 2594 7„
246 2534 347 2599 hunc
376 2527 505 2594 Marini
534 2528 648 2593 locum
680 2550 713 2614 p.
747 2549 774 2608 7.
809 2527 890 2592 mihi
919 2530 1081 2596 ostendit:
1112 2529 1198 2596 οὕτω
1219 2532 1258 2595 δὲ

187 2653 205 2669 =-
250 2609 298 2698 ἦν
327 2615 432 2690 καλὸς
464 2611 572 2694 ἰδεῖν,
600 2611 680 2687 iisse
713 2611 843 2698 μηδένα
867 2614 930 2680 τῶν
952 2616 1125 2700 γραφῶν
1145 2613 1259 2700 ἐφικέ-

253 2703 349 2768 σθαι
375 2699 480 2764 αὐτοῦ
506 2699 565 2776 τῆς
587 2693 795 2782 ὁμοιότητος.
839 2699 964 2761 Sensus
988 2721 1049 2782 pru
1079 2705 1260 2795 γραφων

187 2847 200 2867 h
251 2787 363 2875 poscit
387 2781 621 2880 ζωγράφων
645 2780 695 2843 vel
719 2783 925 2869 γραφέων.
970 2781 1068 2846 Prius
1084 2781 1259 2845 mihiuleo

249 2870 372 2936 minus
404 2867 581 2957 probabile
612 2861 768 2950 ridetur,
804 2865 881 2952 quia
913 2890 1014 2934 nemo
1054 2866 1162 2947 dicat,
1200 2883 1262 2928 cur

187 3021 189 3046 t
248 2989 389 3078 syllaba
413 2965 461 3068 ξω
483 2982 605 3050 emisse
627 2983 680 3048 eit.
722 2983 946 3051 Econtrsrio
979 2987 1136 3096 γραφέων
1162 2981 1262 3050 facile

187 3123 188 3126 ’
247 3107 373 3198 potuit
396 3103 430 3170 in
452 3101 596 3193 γραφῶν
618 3123 755 3167 cerrum
784 3101 817 3182 i,
840 3105 930 3189 quod
954 3119 1013 3170 aut
1036 3105 1146 3198 eaelo
1169 3099 1263 3168 vuci·

249 3217 300 3260 rm
324 3191 517 3257 indicatum
541 3198 593 3264 tv.
614 3210 717 3276 supra
774 3187 924 3274 psilon),
950 3202 1009 3254 sut
1030 3213 1094 3257 των
1109 3187 1263 3277 γραφέων

252 3310 427 3398 scriptum
458 3320 544 3375 esset
574 3306 641 3391 sic,
674 3307 739 3374 τῶν
769 3287 856 3394 ff,
898 3309 1186 3396 quemadmodum
1226 3306 1263 3372 in

253 3427 463 3518 Etymolog.
486 3427 632 3492 Sorbuu.
653 3427 687 3490 oi
712 3427 824 3511 ζωγρα
848 3427 973 3514 legitur
991 3453 1055 3517 pro
1072 3431 1103 3495 οἱ
1130 3425 1264 3514 ζωγρά-

286 3539 332 3581 οι.
377 3513 551 3580 Posterius
582 3533 645 3598 ego
676 3512 812 3597 ‘laidem
844 3515 951 3598 magis
981 3517 1145 3602 probem,
1183 3534 1264 3575 rum

254 3541 384 3666 godes
406 3597 548 3661 SGerm.
572 3596 698 3661 Marini
722 3597 793 3685 ²4¹9·
821 3597 878 3663 det
907 3601 971 3664 των
1000 3598 1265 3690 γραφόντων,

257 3683 384 3774 quein
406 3684 576 3770 scripture
598 3679 689 3746 aliud
712 3694 959 3750 tentamentum
988 3683 1150 3772 explendi
1173 3680 1265 3745 illius

260 3806 330 3870 τῶν
370 3826 440 3888 γρα
468 3821 650 3888 agnoscere
673 3801 759 3866 milri
786 3802 914 3873 videor.
963 3803 1007 3870 si*
1041 3801 1117 3891 quis
1152 3809 1268 3866 benten
