2544 4320
131 105 503 176 connttt'ratto
525 107 986 183 eatstootttttttcs.
1015 119 1073 204 737

1 331 2 334 ’
25 327 30 334 ·
77 281 328 392 :leonianum
352 334 432 394 esse,
455 335 495 379 ac
517 335 613 382 versa
635 315 721 398 viee,
768 307 1074 409 uodtachygraphi

117 407 201 462 nctus
217 398 386 460 rotundos
401 395 443 462 ab
455 397 624 496 angulosis
641 423 711 464 non
727 339 849 488 alique
862 405 941 469 satis
955 405 1074 473 distin·

0 498 1 501 ’
63 489 236 569 gustent,
258 501 337 544 cum
361 501 422 570 per
451 489 487 546 sa'
508 483 732 570 intelligatur,
763 509 831 550 non
854 510 977 577 operae
1000 513 1075 576 pre,-

64 569 169 629 lium
206 575 255 630 est
288 564 460 652 exemplis·
492 568 730 633 demonstrare.
793 569 849 634 Sic
888 571 1071 638 Gloaautot'

71 647 261 714 'theocriti
287 647 448 734 μάκωνας
478 651 725 738 interpretatur
757 653 850 740 φυτά
881 659 1071 736 scedulae,

77 732 135 882 bisi
166 754 268 798 nemo
296 755 366 883 ιιὸιέιέ
393 734 483 800 videt
511 736 686 812 κουὸαἰας
715 736 899 822 legandum
932 761 1010 806 asse.
1039 763 1069 810 v.

114 840 152 881 re
177 839 225 880 or.
274 864 282 882 .
368 864 377 880 .

171 840 409 968 acolitusiona
436 901 494 969 τοῦ
528 902 560 968 Υ
581 905 686 994 ψιλοῦ
716 925 793 970 cum
817 903 1015 995 signatione
1035 928 1067 976 v.

72 983 167 1056 infra
189 987 231 1048 ad
252 985 377 1050 calce'm
401 987 502 1052 liuius
525 987 839 1054 commentationis.

141 1069 234 1137 ΡΙιὶ.
278 1069 445 1160 Exempla
467 1072 568 1137 huius
593 1072 727 1137 litterae
748 1073 783 1137 in
805 1073 975 1171 scriptura
997 1061 1068 1142 'vn-

72 1155 152 1220 aiali
174 1167 210 1218 et
240 1153 427 1221 minuscula
457 1155 591 1222 Codicis
619 1155 726 1222 Putat.
753 1158 824 1244 398.
856 1159 931 1224 vide
953 1159 990 1223 in
1014 1181 1066 1228 vv.

71 1235 121 1304 ’A
172 1236 242 1312 eto'c
264 1237 389 1303 tab.1l.
411 1261 505 1306 num.
535 1243 581 1308 13.
717 1257 728 1276 ¹

154 1346 178 1387 n
202 1321 314 1386 numia
335 1323 474 1410 aliisque
491 1323 719 1391 monumentis
739 1323 802 1390 Phi
824 1325 996 1395 interdum
1019 1326 1068 1396 af·

71 1406 195 1472 fictum
216 1417 266 1470 eat
295 1403 358 1472 sic:
388 1405 440 1495 ·{··.
483 1407 539 1474 Sic
568 1407 893 1498 ΓΕΓΡΑ-Ι-ΑΤΑΙ
914 1411 947 1476 iu
977 1413 1065 1478 'l'ab.

69 1489 212 1558 Heracl.
232 1491 412 1576 legandum
435 1504 486 1558 est
506 1496 731 1583 γεγράφαται,
750 1517 818 1560 non
834 1495 1064 1583 γεγράψαται.

69 1597 103 1642 v.
130 1575 278 1662 Gregor.
300 1597 331 1672 p.
351 1578 423 1647 tet.
464 1575 530 1644 Sed
553 1579 656 1644 etiam
681 1577 716 1642 in
740 1578 920 1645 codicibus
941 1581 1063 1648 admo-

69 1658 156 1724 dum
184 1670 325 1746 vetustte
344 1660 411 1726 Phi
431 1659 478 1727 sic
494 1662 660 1752 scriptum
684 1683 752 1754 esse
774 1662 945 1749 suspicor:
975 1666 1063 1734 vnde

67 1776 213 1850 sortasse
237 1775 439 1866 explicanda
468 1777 623 1846 conlusio
649 1778 845 1844 litterarum
868 1806 895 1868 φ
917 1794 950 1846 at
971 1797 1014 1866 ψ,
1036 1805 1064 1848 e.

69 1885 98 1927 c.
121 1861 159 1927 in
182 1861 371 1929 Menandro
395 1863 435 1928 de
460 1863 602 1928 Encom.
628 1887 660 1951 p.
682 1883 733 1950 9⁰·
782 1861 900 1950 Vulgo
923 1863 971 1929 iai
994 1864 1062 1930 adi-

68 1957 129 2011 tur
154 1946 219 2026 τήν
241 1946 413 2033 niuosa·
456 1946 689 2013 Parisinotum
710 1945 874 2013 Codicum
897 1969 984 2014 vnus
1005 1948 1065 2014 ha·

67 2029 127 2096 bet
148 2032 214 2110 τήν
233 2031 380 2116 μέμψινε
404 2030 490 2118 aliua
512 2031 574 2111 τήν
605 2031 703 2116 Μὲμ
747 2054 798 2106 av,
821 2033 911 2120 quod
933 2031 1064 2098 Hasna·

66 2115 149 2180 nius
172 2113 317 2182 feliciter
337 2115 553 2181 coniectando
575 2114 674 2182 erait.
713 2056 849 2181 liddam
870 2139 904 2204 p.
927 2119 977 2205 73.
998 2116 1064 2182 Co·

68 2199 165 2264 dices
187 2199 322 2265 variant
343 2201 432 2264 iuter
453 2199 633 2286 φεύξεται
653 2211 685 2266 et
706 2197 873 2277 ψὲξεται,
894 2212 956 2265 etc.

135 2298 177 2364 In
200 2299 326 2394 Codice
346 2300 529 2387 Apollonii
559 2299 695 2382 Dyscoli
720 2299 793 2367 Pas·
811 2300 968 2367 nonnihil
990 2303 1060 2371 ha-

65 2417 127 2484 bet
156 2415 388 2504 similitudinis
418 2439 495 2484 cum
523 2417 642 2482 litteris
671 2420 730 2506 θρ.
784 2415 874 2483 Vide
897 2421 996 2486 verba
1020 2419 1061 2488 sd

65 2502 139 2590 yolo
161 2505 195 2568 ol
216 2499 268 2567 τοί
326 2523 424 2568 nutv
444 2505 581 2588 Δωριεῖς
595 2501 630 2566 in
654 2506 719 2568 lul).
735 2501 774 2567 ll.
797 2525 890 2568 num.
909 2506 965 2586 tl„
978 2530 1062 2592 quo-

66 2607 154 2652 rum
174 2587 250 2651 loco
277 2525 447 2674 Excantata
479 2608 550 2674 pag.
571 2588 643 2676 569.
667 2589 717 2652 ad.
737 2587 847 2651 Stura.
868 2587 994 2654 hahent
1020 2589 1059 2656 td

68 2668 142 2758 γάρ
164 2691 246 2735 οιτοι
268 2669 387 2757 θροις
407 2673 554 2756 Δωριεῑς.
599 2679 688 2736 llaec
709 2669 865 2736 Sturaius
887 2670 1059 2735 infelicis-

66 2755 159 2818 sime
180 2765 292 2818 mutat
320 2754 354 2819 in
378 2751 502 2839 adytis
525 2756 569 2830 ol,
597 2753 664 2820 τοί·
688 2759 756 2821 τοὶ
781 2754 811 2819 δ’
833 2753 1058 2839 ὀτραλέως,

63 2833 115 2914 ὥς
138 2841 282 2924 Δωριεῖς.
325 2835 462 2902 Scilicet
484 2821 535 2905 'vir
563 2839 694 2938 doctus²
722 2838 780 2926 qui
801 2835 975 2923 Excerpta
998 2837 1060 2904 illa

65 2944 115 2988 ax
140 2922 324 3008 Apollonii
346 2923 472 2988 Codica
492 2922 722 3008 concinnautt,
754 2923 914 3009 deceptus
933 2920 1060 2986 littaris

62 3039 122 3150 :5⁴9
146 3063 271 3108 vocum
302 3038 492 3108 vicinarum
514 3040 648 3128 ἄρθρον
669 3051 704 3104 et
724 3036 911 3130 α’ρθρικόν,
942 3038 1059 3106 babuit

65 3181 99 3264 φ’
120 3181 185 3247 pro
208 3139 272 3248 ἷρ,
292 3169 327 3225 at
345 3183 411 3248 pro
434 3159 582 3250 simplici
609 3157 737 3242 Signia,
758 3157 849 3266 quod
872 3165 922 3221 ast
943 3155 1059 3243 Sigma

50 3297 148 3342 -cum
179 3289 260 3345 nota
289 3275 552 3366 tachygraphica
580 3273 732 3367 syllabae
761 3295 808 3339 av:
839 3271 1060 3380 nana—Codex

65 3391 173 3492 itabat
193 3398 312 3486 φασὶν,
328 3421 396 3464 non
416 3393 508 3496 φασί.
546 3392 682 3495 inspice
703 3390 870 3496 syllalaam
893 3414 947 3458 σιν
966 3388 1061 3458 simi·

63 3477 93 3545 lt
116 3481 222 3545 modo
243 3482 404 3570 scriptam
425 3505 461 3548 tn
481 3483 619 3548 vocibus
641 3500 731 3544 κατα
751 3494 902 3562 attonsus
925 3476 991 3542 tab.
1015 3477 1057 3546 II.

63 3567 403 3716 nunlleiiiinsusiona
424 3647 558 3719 litterae
581 3629 890 3717 Phi'cum.litteta
908 3643 989 3710 Illac
1010 3641 1060 3712 vi·

66 3730 109 3800 dc
129 3733 224 3803 infra
241 3755 314 3804 aaa.
335 3730 451 3823 φασίν.
983 3783 985 3788 -

767 3815 862 3892 Aa·
