3494 4604
460 307 586 360 xxrttt
795 277 1138 356 PRAEFATIO

445 447 449 462 ⁸
457 467 557 571 gioui
571 468 677 544 duco.
716 467 777 544 Sic
792 465 888 541 enim
903 465 1068 563 arbitror,
1094 495 1160 544 nos
1175 471 1293 546 leuem
1307 498 1461 546 errorem

456 635 569 685 vnum
594 627 699 706 atque
718 604 887 698 altemm,
912 632 1003 707 quos
1018 604 1176 679 humana
1191 629 1316 684 natura
1335 620 1463 709 parum

456 744 569 836 cauit,
594 742 686 816 forte
703 767 848 839 arguere
865 739 997 816 inillis
1013 769 1132 842 posse3
1158 763 1194 816 at
1217 770 1283 819 nos
1308 745 1402 844 ipsos
1422 743 1462 816 iu

456 880 558 958 inille
574 879 654 953 aliis
669 874 824 976 turpiter
835 879 1077 972 aberraturos,
1103 878 1172 952 nisi
1189 878 1244 954 illi
1258 879 1461 956 studiorum

456 1018 551 1098 viam
567 1017 710 1116 planam
726 1010 997 1115 expeditamque
1015 1015 1118 1104 nobis
1135 1013 1378 1092 reddidissent

413 1234 417 1243 ,
531 1151 703 1228 Doricam
727 1150 852 1225 Nostri
875 1148 1130 1248 supellectilem
1154 1152 1257 1226 flocci
1280 1152 1362 1226 fecit
1377 1153 1459 1227 Ste-

455 1288 567 1394 phani
580 1315 697 1387 gener,
712 1283 758 1360 Is.
773 1286 1022 1382 casaubonus,
1046 1287 1084 1361 in
1097 1285 1326 1362 Lectionibus
1334 1288 1461 1362 Theo-

453 1424 570 1502 criteis
592 1420 679 1522 Gap.
695 1418 803 1498 XVI.
829 1449 863 1521 p.
883 1448 967 1518 27¹·
985 1422 1031 1497 ad
1045 1422 1167 1498 locum
1182 1423 1329 1517 Poetae,
1354 1449 1461 1525 quem

455 1559 715 1636 Grammaticus
738 1558 767 1656 ᾗ.
789 1555 1016 1633 CLXXVII.
1037 1557 1082 1633 de
1104 1559 1198 1633 Diat.
1215 1560 1305 1633 Dor.
1326 1581 1460 1654 tractat,

453 1698 638 1772 scribensz'
676 1691 808 1781 “Quid
838 1694 935 1768 enim
966 1715 1016 1768 est
1048 1690 1278 1789 a’dspdrov?
1302 1695 1386 1768 Scio
1421 1698 1460 1769 in

452 1886 474 1922 ‚‚
483 1852 626 1933 promtu
648 1855 721 1904 esse
737 1830 1003 1930 responsionem
1017 1857 1037 1904 c
1054 1829 1230 1906 Corintho
1248 1830 1332 1924 illo,
1359 1833 1460 1906 cuius

431 2017 436 2028 ·
451 2019 475 2059 ,‚
481 1965 728 2043 circumfertur
736 1963 781 2039 de
787 1965 920 2040 Dorica
927 1966 1089 2041 Dialecto
1105 1963 1341 2064 συρφετώδης
1355 1991 1461 2064 quae·

451 2103 564 2194 „dam
580 2100 756 2178 collectio.
769 2102 902 2201 -Ego
919 2127 1003 2179 vero
1019 2100 1077 2175 isti
1093 2101 1334 2178 Grammatico
1349 2100 1458 2177 fidem

373 2235 375 2240 ’
449 2237 644 2328 „arbitrari
659 2234 799 2336 pridem
816 2233 980 2329 desii.”*)

528 2369 632 2444 Alibi
649 2391 766 2444 tamen
787 2369 825 2441 iu
847 2370 1080 2446 Lectionibus
1096 2371 1317 2450 Theocriteis
1333 2374 1458 2464 Nostri

452 2503 677 2598 auctoritate,
717 2505 784 2578 sub
807 2505 931 2578 veteris
956 2507 1188 2581 Grammatici
1210 2511 1456 2612 appellatione,

450 2665 525 2712 non
547 2639 656 2714 semel
676 2639 772 2714 stetit
793 2638 1044 2736 Casaubonus3
1071 2669 1135 2717 nec
1157 2671 1262 2744 opem
1283 2646 1375 2722 ferre
1400 2647 1458 2718 la-

450 2775 591 2850 boranti
616 2775 792 2850 recusauit
816 2772 862 2850 ad
887 2776 1054 2875 Gregorii
1080 2777 1117 2853 N
1118 2780 1235 2882 ysseni
1259 2781 1456 2880 Epistolam

450 2939 484 3011 p.
504 2912 587 2983 140.
640 2909 820 3005 Profecto,
846 2907 935 2986 side
949 2912 1145 3008 erroribus,
1171 2943 1261 3015 quos
1278 2918 1455 2992 commisit

450 3044 729 3140 Grammaticus,
770 3046 935 3122 Lectores
966 3047 1237 3144 admoncantur,
1272 3080 1345 3127 nou
1375 3053 1454 3130 sinc

449 3207 578 3278 magno
603 3182 723 3258 fructu
738 3209 797 3256 eos
819 3180 990 3257 dimittet:
1017 3185 1090 3259 imo
1106 3185 1249 3260 libellus
1272 3189 1384 3288 ipsius
1407 3189 1452 3264 dc

449 3314 630 3408 Dialectis,
653 3318 717 3392 etsi
731 3317 832 3391 nulla
848 3317 916 3391 alia
929 3316 1013 3392 dote
1028 3320 1165 3419 placere
1181 3345 1313 3423 posset,
1334 3346 1451 3401 tamcn

449 3449 507 3526 vel
523 3447 595 3523 hoc
609 3452 753 3528 nomine
770 3453 953 3528 literarum
967 3455 1133 3531 studiosis
1146 3459 1451 3534 commendatissi-

449 3611 529 3658 mus
549 3613 621 3660 esse
637 3584 798 3680 deberet,
821 3589 921 3687 qnod
929 3594 1100 3666 Veterum
1115 3593 1337 3693 Scriptorum
1351 3598 1450 3672 locos

448 3715 660 3815 nonnullos,
686 3724 751 3824 qui
768 3723 807 3798 in
823 3751 866 3798 eo
882 3725 1042 3822 citantur,
1070 3727 1324 3806 emendatiores
1340 3731 1450 3806 exhi-

480 3937 501 4002 ')
525 3940 586 3992 Non
604 3941 689 3990 lenius
703 3940 737 3991 de
753 3939 884 4008 Gregorio
901 3946 1002 3998 iudicat
1016 3948 1151 4014 Toupiat,
1168 3953 1244 4002 cnint
1258 3952 1338 4006 rerba
1353 3911 1386 4005 iu
1397 3953 1448 4007 In·

447 4024 506 4076 dice
519 4025 615 4080 Latino
627 4039 652 4078 v.
668 4025 816 4094 Gregorius
831 4029 987 4084 Corinthius
999 4032 1136 4101 adscripti.
1169 4033 1282 4090 δοκεῖ.
