2498 4598
205 385 266 431 202
289 354 572 422 Gflsconlvs
593 353 654 415 DE
678 351 927 422 DlALECTO
952 352 1131 420 nonies.

205 523 423 612 ledllssovssci
458 524 498 586 Vt
516 534 634 587 ceterae
656 522 822 583 varietates
843 525 996 585 momenti
1019 525 1169 606 perexigui,

206 619 231 676 si
249 625 353 674 tanuen
368 613 472 687 vllius,
494 612 600 670 missas
615 607 737 680 faciam,
758 607 792 665 in
803 605 965 668 Theocriti
979 611 1053 669 loco
1072 627 1110 668 ex
1122 609 1173 672 tid.

205 703 229 764 l.
246 721 291 761 vs.
310 703 358 756 82.
373 706 404 754 et
422 696 470 755 83.
487 693 542 753 vbi
556 719 586 756 se
609 692 722 765 editur,
743 690 839 752 etiam
860 715 891 754 se
902 693 1075 773 pleraeque
1088 691 1176 756 Nostri
1235 737 1248 750 ,

206 784 357 844 editiones
378 780 572 858 praeferunt,
596 801 645 840 sou
667 773 788 849 Aldina,
806 773 892 836 MSS.
912 777 997 838 Voss.
1020 787 1052 836 et
1072 775 1139 858 Reg.
1153 777 1179 852 li.
1197 799 1227 866 ‘e

205 869 297 931 solito
314 865 486 928 scribarum
496 883 606 922 errore
620 882 679 941 pro
695 883 747 933 uo,
763 859 846 939 quod
856 860 959 936 habet,
980 881 1090 942 quoue
1108 882 1182 920 eom.

204 949 340 1013 mendet.
384 947 437 1030 [ld
452 947 627 1008 cuiusmodi
642 947 690 1016 sit,
699 962 762 1004 non
774 944 925 1024 intelligo.
970 945 1069 1007 Vnice
1083 956 1186 1006 tenen.
1208 950 1225 995 ’...

207 1039 282 1095 dum
299 1032 320 1094 oi
337 1031 528 1112 ds'reuuipa.
552 1027 703 1108 Scissum]
746 1027 827 1086 Dein
849 1030 959 1097 πᾶσας
982 1028 1050 1093 oissr'
1073 1027 1187 1111 κράνας
1230 1050 1231 1055 ’

206 1119 280 1198 Ileg.
296 1117 328 1174 B.
347 1151 388 1163 -
410 1116 515 1194 Κῆφα
529 1135 606 1176 vero
621 1133 733 1172 nonen
747 1117 804 1175 καὶ
819 1113 905 1186 εἶπα,
921 1113 980 1173 sed
993 1133 1034 1173 ex
1046 1121 1106 1176 καὶ
1121 1111 1187 1192 ἔφα,
1220 1190 1226 1203 Ι

204 1213 240 1264 vt
264 1211 349 1260 recte
374 1199 536 1259 'slieocriti
557 1199 753 1269 Scholiastes,
797 1198 834 1255 eb
852 1198 979 1257 Heinsio
1005 1197 1189 1272 emendatus,
1223 1210 1249 1281 3,

205 1284 351 1346 sollemni
371 1283 575 1344 Doriensibus
596 1301 694 1354 more,
716 1280 850 1341 coaluit:
872 1282 957 1342 idem
979 1301 1141 1342 nonnemo
1161 1305 1191 1342 a·
1226 1327 1242 1362 ¹,

204 1367 439 1430 nimaduertens
453 1369 539 1428 libro
560 1387 616 1427 suu
637 1365 820 1444 adposuerit
841 1369 963 1449 (delator
984 1363 1111 1448 [scrib.
1126 1369 1192 1448 psl-
1231 1374 1249 1431 ᾗ

185 1463 286 1518 'suom
307 1451 458 1532 Scissum]
479 1453 521 1526 δὲ,
544 1452 651 1536 οἶμαι,
681 1445 750 1510 ainsi
767 1449 823 1510 sois
844 1455 901 1512 καὶ
920 1449 1000 1529 ἔφη,
1023 1455 1083 1510 καὶ
1109 1447 1192 1529 ῥᾷον,

206 1538 292 1618 qood
306 1537 371 1594 sola
386 1535 478 1595 habet
490 1536 576 1596 Scoti
589 1533 694 1594 editio.
737 1528 838 1601 ΚΗΣ
849 1541 881 1592 et
895 1535 1042 1606 KHHI,
1067 1553 1127 1613 pro
1143 1539 1192 1594 καὶ

207 1632 281 1690 teet
297 1627 354 1682 καὶ
371 1626 432 1693 ἐπὶ,
454 1630 525 1678 sunt
544 1620 578 1678 in
597 1617 724 1682 Finibus
746 1615 889 1676 Ciuitatis
909 1615 1075 1678 Latiarum
1089 1619 1193 1697 Antio.

207 1705 304 1768 Asiat.
322 1724 353 1784 p.
372 1703 437 1762 135.
463 1703 620 1781 posterius
641 1709 672 1780 et
692 1702 726 1758 in
743 1700 901 1762 Alcmanis
922 1701 1103 1782 fragmento
1120 1703 1195 1783 apud

102 1773 108 1794 ‘
207 1789 321 1853 usses.
344 1785 504 1866 s.1v.p.
529 1790 596 1846 140.
623 1783 656 1846 c.
678 1782 767 1860 nes,
796 1785 917 1868 [serus.
939 1786 1023 1863 res.
1049 1785 1197 1868 scura]

207 1895 267 1956 pro
283 1877 339 1933 καὶ
355 1877 395 1946 ἐν,
415 1871 449 1929 in
469 1869 633 1932 Aristoclis
648 1889 743 1928 versu
763 1868 845 1950 apud
866 1871 986 1930 Aelian.
1005 1871 1045 1929 de
1058 1869 1099 1930 N.
1118 1872 1153 1931 A.
1166 1869 1195 1930 L.

208 1957 262 2018 xl.
287 1961 318 2014 lt.
344 1975 412 2016 non
432 1955 583 2014 debuerat
601 1951 777 2016 sollicitari.
828 1951 948 2036 Kn'yuir
972 1974 1013 2015 cx
1033 1954 1196 2034 Sophrone

206 2041 304 2104 habet
318 2038 496 2100 Demetrius
514 2035 601 2099 Phel.
626 2059 660 2098 π.
682 2043 706 2099 ἱ.
728 2037 758 2119 5.
780 2036 853 2099 CLl.
874 2037 1199 2122 Ksixsxpaunps'mee

209 2125 345 2208 pulchra
360 2122 577 2188 emendatione
597 2121 700 2181 eidem
716 2122 875 2203 Sopluroni
898 2123 1041 2184 restituit
1056 2122 1105 2183 Cl.
1129 2125 1199 2184 Val-

210 2209 395 2272 clsenserius
413 2208 446 2266 in
469 2206 647 2266 doctissima
661 2207 699 2268 ad
717 2205 895 2270 Roeuerum
910 2205 1052 2287 Epistola
1065 2228 1138 2288 pag.
1155 2210 1199 2288 59.

208 2294 370 2357 ΚΗΠΑΙ
372 2293 572 2354 ΝΕΟΜΕΝ
580 2293 710 2369 praebet
719 2287 1022 2352 Eloutlseruaeorum
1040 2291 1200 2352 decretum

207 2381 243 2440 in
254 2375 357 2454 Antiq.
375 2375 466 2433 Asiat.
481 2394 511 2452 p.
528 2375 594 2433 108.
638 2373 726 2444 Quae
743 2371 816 2437 ideo
839 2375 1035 2453 potissimum
1051 2376 1197 2456 congessi,

207 2469 244 2521 vt
263 2459 324 2518 lsoc
349 2457 443 2537 magis
463 2467 596 2536 poteret,
617 2455 812 2533 κηκελὴσατο
832 2459 864 2518 in
885 2457 1102 2538 Epicharmeis
1123 2460 1200 2541 apud

208 2543 324 2608 Athen.
338 2541 371 2602 L.
385 2541 449 2602 Vll.
468 2561 506 2622 p.¹
524 2543 593 2603 282.
611 2543 645 2606 E.
668 2565 687 2606 a
710 2543 888 2604 Casaubouo
908 2545 941 2602 in
962 2550 1019 2606 καὶ
1035 2543 1199 2608 assissinato

208 2634 372 2699 mutatum,
392 2621 472 2686 nihil
489 2625 574 2684 aliud
591 2646 664 2697 esse,
687 2647 779 2707 quum
796 2633 853 2689 sot
870 2625 1053 2704 ἐκελήσατο,
1089 2650 1150 2710 pro
1169 2635 1199 2690 s·-

209 2707 374 2775 κελεύσατο
389 2709 542 2790 positum,
564 2730 625 2789 quo
642 2711 718 2771 facit
738 2709 869 2792 Hesych.
884 2711 1060 2788 Ἐκέλησεν,
1081 2717 1197 2776 sudav-

126 2789 128 2800 ”
207 2787 271 2860 oss·
313 2792 719 2873 Corruptissimilragmenti
732 2793 801 2854 finis
815 2795 991 2858 itavidetur
1004 2797 1199 2858 constituen-

209 2881 284 2942 dus:
306 2914 348 2942 .-
369 2874 561 2951 κήκελήσατο
587 2881 806 2966 Παρθέμεναι
824 2879 922 2944 ausis
945 2887 980 2944 τέ
1001 2888 1035 2946 οἱ
1046 2926 1054 2955 ,
1083 2887 1143 2943 καὶ
1161 2879 1199 2956 sci

210 2965 353 3048 δάμαρτι
368 2960 502 3042 θάτερα,
525 2983 583 3042 pro
593 2965 762 3050 καιθέμεν,
783 2965 866 3044 quod
878 2985 1002 3026 sensum
1016 2976 1049 3026 et
1064 2987 1199 3042 versum,

209 3048 264 3131 qui
288 3045 465 3106 trochaicus
485 3055 541 3119 est,
564 3048 661 3107 vitiat.
703 3049 740 3107 ln
753 3049 1198 3128 Aristoph.'Acharn.vs.884.

209 3134 266 3193 vbi
281 3132 384 3191 editur
408 3128 621 3212 κήπιχάριηα
645 3131 687 3208 τῷ
710 3134 795 3209 ξένῳ,
816 3133 895 3194 bene
916 3134 1040 3194 doctiss.
1060 3131 1200 3194 Eldikius

210 3215 429 3295 suspicionum
445 3213 532 3294 Spec.
548 3235 578 3294 p.
597 3236 639 3294 ¹9·
654 3227 752 3278 mutat
765 3218 855 3277 verbi
870 3219 1129 3280 terminationem
1143 3215 1198 3292 sesi-

213 3308 398 3380 πιχαρίττευ
418 3295 460 3374 τῷ
478 3301 503 3374 ξ.
523 3298 543 3362 i.
560 3320 585 3362 e.
608 3307 665 3362 καὶ
688 3305 886 3384 ἐπιχαρίζου.
929 3302 1019 3362 Nihil
1034 3312 1200 3384 praeterea

211 3384 405 3468 mutandum.
426 3417 467 3430 -
489 3383 648 3444 Particulu
669 3393 725 3448 καὶ
747 3399 807 3467 qua
830 3387 952 3447 ratione
973 3387 1058 3466 apud
1082 3387 1201 3446 Atticos

213 3465 284 3530 cunr
299 3468 459 3528 vocubulis
473 3468 510 3528 ab
529 3469 602 3532 svel
614 3493 637 3530 α
653 3470 872 3550 incipientibus
889 3471 1051 3546 coalescat,
1073 3471 1200 3544 nemini,

212 3552 330 3634 quivel
343 3549 443 3610 obiter
459 3552 514 3612 has
539 3553 646 3615 literas
662 3555 812 3633 attigerit,
835 3555 973 3634 ignotum
997 3565 1053 3616 est.
1096 3555 1119 3614 F
1122 3555 1200 3636 lugi-

213 3640 291 3700 tiuse
303 3644 453 3712 corrupta
469 3636 694 3697 circumfertur
709 3637 856 3716 Hesychii
870 3637 979 3704 Glossa
991 3641 1200 3713 ΚΑΥΙῚΝα,

215 3727 270 3783 καὶ
284 3727 328 3785 εἰς
340 3716 491 3790 τούπίσω,
512 3721 564 3779 cui
588 3721 671 3780 forte
689 3723 792 3781 nullus
806 3731 885 3782 esset
900 3724 1123 3798 emendandae,
1145 3724 1203 3784 nisi

215 3805 290 3866 alibi
306 3804 462 3881 legeretur
474 3801 601 3867 'Audm
606 3851 617 3879 ,
639 3813 683 3874 εἰς
705 3805 854 3869 τούπίσω.
896 3806 987 3867 Nunc
1008 3829 1074 3867 non
1093 3807 1202 3869 didici·

212 3892 253 3950 lis
271 3895 316 3948 est
329 3887 503 3947 emendatio
517 3885 760 3964 ΚᾺιΝΟΠΙΝ,
780 3889 930 3964 unisonus,
952 3899 1010 3954 usal
1028 3902 1074 3961 είς
1089 3893 1204 3956 τούπί-

215 3995 269 4036 σω.
313 3971 487 4032 Genuinsm
502 3993 565 4033 esse
581 3973 614 4034 in
628 3971 746 4036 lleliod.
759 3976 848 4038 Aeon
864 3975 896 4036 L.
909 3976 932 4058 l,
946 3997 976 4058 p.
987 3977 1033 4038 16.
1051 3979 1204 4040 Codicum
