2542 4388
201 260 263 335 ὅρα
305 251 590 314 GREGORIVS
611 246 949 313 DE'DIALECTO
972 252 1143 324 lomet.

202 423 302 502 θέος,
325 423 384 486 καὶ
407 419 469 495 τάς
488 418 597 496 ’ἄλλως
618 421 765 497 πτώσεις
789 417 828 488 οὐ
851 423 1095 512 συνηρῃμένας,
1118 426 1136 488 ά
1160 458 1163 465 =

205 509 353 581 ἐντελεῖς
369 505 583 594 ἐκφέρουσιν,
604 508 744 591 εάτοχὲϊ,
769 508 1007 592 Πολυκράτεϊ,
1020 511 1126 592 Auum
1154 564 1158 567 ε

204 600 269 672 νεῖ,
311 591 459 674 εὐτυχέα,
495 591 737 677 Πολυκράτεα,
771 592 1003 675 Δημοσθένεα
1034 593 1172 676 λέγοντες.

201 709 369 787 Ώςαύτως
383 708 445 786 τάς
462 703 512 784 εἰς
533 733 591 784 ους
612 709 782 794 ληγοάσας
801 707 945 793 γενικὰς
960 710 1033 814 Ἥ,
1046 708 1103 786 τὰς
1121 711 1172 782 ἀπο·

204 831 270 896 τῶν
288 823 337 904 εἰς
353 851 390 902 ος
404 831 463 894 καὶ
484 822 534 902 εἰς
551 853 585 902 ες
601 827 797 913 οὐδετέρων,
820 824 882 891 διά
909 828 971 890 τοῦ
994 849 1050 900 τος
1071 831 1171 918 προςὲ.

203 935 315 1000 ρουσι,
326 913 385 975 καὶ
399 911 517 988 πάσας
533 911 679 990 πτώσεις
696 915 761 980 τῶν
777 911 943 978 τοιούτων
956 910 1098 988 ἐντελεῖς
1109 935 1173 1000 προ-

204 997 359 1082 άγουσιν.
407 985 497 1061 οἷον·

197 1169 303 1184 ——n-

203 1259 379 1338 spectantia
390 1257 538 1318 Herodot.
558 1279 589 1338 p.
605 1258 676 1332 nala,
689 1256 739 1318 ὅν.
761 1255 812 1317 vbi
827 1255 1055 1334 Πολυκράτεα.
1092 1257 1180 1329 Ouau-

205 1343 247 1409 da
264 1353 393 1416 constat,
413 1343 457 1402 in'
469 1342 622 1401 similibus
645 1343 684 1402 ab
707 1341 832 1400 Ionibus
848 1361 909 1400 uon
930 1341 1075 1400 diuersos
1092 1343 1180 1401 abiisse

203 1425 383 1500 Dorienses,
418 1446 590 1506 proponam
615 1425 837 1498 coniectumm,
863 1446 943 1505 quse
965 1425 1029 1484 huo
1058 1425 1181 1504 pertinet,

203 1529 301 1588 super
317 1510 431 1589 insigni
446 1510 614 1569 Stbeuidee
636 1509 814 1588 fragmento
838 1510 919 1588 apud
941 1509 1030 1568 Stob.
1052 1509 1081 1569 S.
1102 1507 1183 1568 XLVI.

202 1611 235 1673 p.
253 1593 324 1668 332,
344 1593 448 1654 eade
460 1593 569 1672 ‘Reges
605 1593 722 1672 ἄριστοι
742 1591 773 1654 tt
788 1601 846 1654 καὶ
865 1593 911 1692 [t.
927 1591 965 1653 δι’
978 1595 1038 1674 κα]
1055 1599 1186 1678 papatum

203 1677 321 1738 τοῦτον
342 1677 420 1760 (τόν.
437 1676 562 1760 πρᾶτον
579 1677 684 1750 θεάν),
706 1683 735 1740 el
758 1677 991 1760 μεγαλοφρονοὲ
1014 1700 1058 1751 τε,
1082 1681 1189 1740 autA·

204 1758 337 1834 Bm,
366 1769 424 1824 καλ
450 1759 614 1841 ὀλιγοδεέα
637 1763 876 1842 παρασκευάζει
902 1761 1013 1834 αὐτόν,
1042 1759 1190 1840 πατραάτ

203 1842 351 1906 διάθεσιν
368 1846 503 1908 tatanus
530 1869 599 1913 ενος
620 1850 684 1912 τοῖς
701 1843 755 1921 ὑφ’
780 1846 875 1921 αὐτῷ.
919 1845 1094 1926 Perspecto
1115 1847 1143 1904 in
1157 1844 1192 1906 ά·

203 1925 289 2011 βράν
310 1930 400 2003 vitio,
425 1951 529 2006 σοφον
551 1930 685 1990 coniecit
706 1929 871 2001 Gemmas,
895 1926 999 2011 ἁδράν
1026 1951 1128 2008 nuper
1143 1929 1193 1988 dos

204 2013 293 2073 oties.
310 2010 452 2072 Eldikius
470 2015 504 2072 in
520 2014 698 2095 specimine
715 2011 824 2092 Suspic
849 2033 879 2092 p.
901 2014 946 2074 13.
970 2013 1025 2072 ttis
1042 2014 1121 2074 oddo
1135 2023 1193 2072 ter·

44 2118 50 2127 ·
162 2140 165 2156 .
202 2095 294 2170 tium,
316 2099 514 2162 ABAPEA.
559 2097 593 2157 In
614 2118 649 2158 ro
665 2098 774 2156 eadem
798 2097 990 2175 Diotogenes
1015 2097 1192 2176 Pythagori.

202 2198 257 2238 cus
271 2181 354 2259 apud
369 2181 454 2244 Stob.
479 2202 509 2259 p.
530 2182 600 2256 332,
622 2202 650 2261 9.
674 2183 734 2259 quo
759 2201 830 2239 vsua
855 2180 900 2239 (ΣΙ.
922 2182 1103 2260 Wesseling.
1124 2179 1191 2238 Dia-

202 2264 286 2348 tribe
303 2264 342 2322 de
366 2264 507 2326 Iudaeos.
530 2265 625 2328 Arch.
645 2286 675 2344 p.
699 2266 745 2323 15.
771 2263 900 2347 άβοιρέα
923 2264 955 2325 δὲ
980 2264 1025 2326 δεῖ
1037 2257 1114 2345 ἦμεν
1129 2267 1194 2323 aest

201 2343 331 2414 πάντας
351 2344 541 2427 ἀνθρώπως.
585 2350 629 2407 lo.
642 2347 871 2408 saresberiens.
884 2347 923 2405 de
937 2347 1018 2428 Nug.
1039 2349 1113 2408 Cur.
1131 2347 1161 2418 V,
1169 2348 1193 2406 8.

202 2427 243 2490 de
256 2429 409 2491 Ττειίουοε
434 2435 510 2492 nulli
531 2437 648 2515 grauis,
677 2455 767 2494 carue
789 2433 933 2491 omuibus.
981 2431 1081 2511 Reges
1097 2432 1192 2515 βαρεῖς

201 2519 260 2572 καὶ
279 2511 459 2593 ὑπερόπται
473 2527 548 2578 aunt
563 2517 597 2575 in
611 2515 737 2594 Lucian.
761 2515 788 2576 Τ
791 2559 798 2574 .
815 2515 837 2574 1.
852 2537 884 2595 p.
900 2515 971 2592 475.
1018 2515 1119 2590 Kosa.

246 2627 301 2710 63)
322 2629 487 2699 Ὦςαύτωτ
513 2630 570 2702 τάς
587 2641 632 2700 εἰς
651 2609 714 2702 ους
726 2637 752 2701 λ.
777 2631 819 2716 γ.]
841 2631 925 2692 Haec
943 2635 1096 2716 proxime
1110 2655 1192 2714 prac-

202 2713 385 2774 cedentibus
401 2713 462 2774 hoc
476 2715 587 2776 ordine
599 2717 697 2796 iungit
714 2715 777 2775 MS.
799 2717 885 2777 Voss.
902 2737 981 2795 quae
1001 2719 1034 2775 iu
1050 2717 1124 2776 edd.
1139 2717 1192 2775 Va·

122 2823 123 2826 ¹
200 2831 255 2894 tic.
281 2841 311 2893 et
334 2832 459 2894 tteerm.
483 2845 554 2918 post
571 2833 599 2921 ᾗ.
622 2835 712 2896 XXV.
733 2833 778 2898 ita
799 2821 958 2914 leguntur:
997 2831 1062 2901 Τάς
1083 2841 1127 2902 εἰς
1146 2810 1191 2900 ους

200 2947 364 3031 ληγοὺσαςΙ
373 2951 499 3032 γενικάς
512 2955 572 3016 τῶν
585 2951 753 3034 οὐδετέρων
766 2953 820 3016 διά
840 2953 895 3016 τοῦ
918 2975 969 3019 εον
985 2958 1190 3036 προφέρουσι,

200 3039 260 3095 παλ
277 3035 390 3118 πᾶσαν
407 3035 439 3096 δὲ
454 3039 573 3100 πτῶσιν
587 3037 711 3106 ἐντελῶς
724 3038 932 3120 προάγουσιν.
978 3036 1052 3097 οἷον
1075 3041 1190 3114 τείχεος,

200 3115 316 3200 βελεοτ,
337 3125 407 3181 καλ·
444 3115 580 3200 Ἕκτορα
602 3121 626 3182 δ’
648 3128 682 3184 ἐκ
701 3127 817 3206 βελέων
836 3116 939 3202 ὕπαγε
956 3120 1043 3188 Ζεύς.
1088 3121 1188 3179 Versus

201 3210 249 3262 ost
262 3223 301 3262 ex
317 3201 353 3262 tl.
370 3205 414 3272 A.
432 3204 498 3265 163.
525 3209 654 3285 Τείχεος
667 3207 753 3274 ἐντός
768 3227 806 3264 ex
826 3205 860 3266 11.
878 3209 929 3268 M.
944 3204 1072 3278 vs.374.
1091 3201 1188 3266 Ἀσθε-

199 3288 272 3354 νέος
286 3286 443 3368 σώματος,
463 3289 591 3350 sortasse
616 3311 655 3350 ex
673 3288 862 3370 Hippocrate
884 3289 1074 3361 desumtum,
1097 3287 1189 3346 adsu-

199 3369 361 3448 periorem
376 3373 505 3432 classem
519 3372 678 3442 nominum
695 3375 726 3432 in
747 3398 784 3449 ης
799 3373 915 3432 referri
930 3371 1094 3431 debuerat.
1137 3369 1188 3429 Pro

199 3451 326 3519 ἓντέλῶς
342 3453 372 3510 in
393 3455 454 3514 MS.
467 3457 595 3518 Meerm.
610 3455 732 3524 εὐτελῶς
748 3457 907 3520 scribitur.
951 3455 1034 3515 Male
1048 3456 1110 3515 hoc
1129 3455 1187 3536 qui-

199 3535 292 3608 (λειω,
314 3536 368 3594 sed
381 3540 539 3598 tantillum
557 3543 668 3602 vitium
684 3541 962 3622 praeteruiderunt
981 3540 1051 3598 Viri
1065 3539 1149 3598 docti
1163 3537 1188 3594 in

134 3649 140 3660 ·
198 3617 329 3678 Aeliano
347 3618 382 3679 V.
399 3620 434 3680 tt.
452 3621 484 3682 L.
503 3625 569 3684 Xlt.
586 3626 617 3685 C.
643 3627 692 3685 52.
717 3625 794 3686 Mihi
818 3635 904 3683 certe
922 3616 1092 3704 legendum
1106 3621 1187 3680 vide-

197 3709 270 3760 tur:
292 3698 380 3783 ὅμως
395 3702 427 3764 δὲ
450 3707 572 3788 μηδένα
592 3711 716 3778 ἐντελῶς
738 3705 818 3772 οὕτω
841 3714 1081 3790 παραφρονεῖν,
1103 3704 1186 3772 usai-

196 3791 352 3867 πομεῖναι
371 3785 414 3849 ἂν
431 3790 628 3864 Ισυνοικῆσαι
649 3801 710 3857 τινλ
735 3793 850 3866 αὐτῶν,
874 3796 1023 3852 neminem
1041 3798 1088 3852 ita
1103 3795 1185 3872 plum

196 3870 337 3952 dettpma
360 3883 393 3932 θλ
414 3905 474 3937 -·.
527 3876 605 3936 Vtar
626 3897 723 3958 porro
744 3879 805 3940 hac
825 3876 989 3938 occasione
1010 3871 1185 3938 emendandi
