2544 4320
117 106 500 169 (ῘΟΜΜΕΝΤΑΉΟ
526 107 981 174 PAL'AEOGRAPHICA.
1024 123 1082 193 771

24 273 158 339 269.
202 275 277 341 Nec
299 294 379 339 raro
402 273 530 341 lineola
551 276 609 343 illa
631 275 748 342 oculos
788 277 980 364 lanefugit,
1001 279 1083 345 acri·

21 369 314 446 Poterantque,
338 372 375 424 vt
395 359 431 424 ia
455 361 636 446 Apollonii
654 361 741 426 Lex.
763 301 925 450 llomen,
953 364 1081 512 λεξῖοαν

25 453 152 516 pro
179 444 364 529 λείψανον,
390 445 531 528 λέγομεν
584 468 625 511 ro
656 444 849 530 λεγόμενον.
882 468 912 512 v.
942 447 1081 536 1·l›1·.p.,
1152 453 1155 459 '

33 523 157 592 263.
201 526 332 593 Confer
357 549 441 614 quae
469 530 512 592 ad
572 552 682 617 regor.
712 551 746 616 p.
778 533 825 595 18.
850 531 977 596 et331.
1000 530 1085 597 dixi.

30 631 101 699 Ε
129 646 301 710 contrario
322 645 451 733 syllaba
472 625 511 712 σν
532 644 670 708 vocibus
693 646 819 731 passim
839 645 1082 746 intempestiue

39 726 199 793 addita
222 741 291 814 est,
321 730 412 819 quod
435 740 590 794 accentus
613 730 727 812 grauis
749 753 811 816 pro
834 745 913 796 nola
936 754 1008 796 erus
1032 747 1080 798 la-

42 807 318 901 f-*hygraphica
353 814 544 879 haberetur.
592 812 649 877 sic
678 815 795 880 Codex
827 815 972 882 SGerm.
1007 819 1079 884 345.

45 903 119 960 ¹11
148 898 349 984 Phrynicho
379 899 435 964 dat
463 920 496 963 τε
523 900 688 984 αχημένον
715 921 780 995 pro
802 903 929 987 τεμάχη
956 905 1027 984 μὲν,
1051 925 1078 967 v.

46 973 196 1068 Epist.
219 1005 250 1068 p.
274 989 356 1066 262,
378 994 411 1048 et
434 983 484 1048 Co
511 1003 555 1046 ex
570 981 729 1067 Gregorir
745 985 1080 1064 Halanorvnoaonov

50 1071 144 1136 Pro
177 1067 487 1148 Πελοποννησιστὶ,
524 1088 553 1130 v.
576 1065 618 1131 ad
646 1065 788 1153 Gregor.
811 1093 842 1158 p.
864 1071 936 1136 331.
978 1068 1080 1134 Elua-

48 1141 158 1215 dem
191 1155 373 1215 commatis
399 1163 450 1217 est
479 1149 561 1213 ibid.
590 1173 622 1238 p.
652 1149 724 1215 365.
755 1151 898 1218 citatum
929 1157 1079 1220 τσντεῐον

46 1271 140 1340 Pro
165 1265 287 1333 τοντεί.
330 1266 437 1352 Saepe
462 1290 502 1332 ον
525 1267 629 1332 etiarn
651 1265 697 1331 ibi
723 1267 813 1333 malo
834 1267 987 1334 additum
1015 1283 1078 1354 est,

46 1352 133 1416 vbi
160 1365 333 1438 accentus*
350 1351 461 1438 grauia
498 1375 568 1416 non
602 1363 686 1415 esset
715 1373 814 1416 cauea
840 1355 977 1420 erroris.
1022 1357 1077 1420 Sic

47 1428 213 1500 factum
236 1436 273 1500 ia
296 1439 383 1524 οἱον
405 1458 468 1523 pro
490 1427 543 1521 ol,
564 1459 594 1502 v.
618 1435 730 1522 Epist.
753 1459 785 1522 p.
799 1446 890 1520 τοῦ,
912 1439 949 1502 in
968 1437 1079 1506 α’ὃεῖν-

52 1535 116 1586 ov
144 1543 218 1610 pro
246 1522 365 1601 οἰδεῖν,
387 1543 417 1586 v.
440 1519 522 1584 ibid.
553 1541 584 1606 p.
608 1522 678 1584 263.
716 1519 815 1584 Conl'.
839 1531 908 1586 not.
928 1525 972 1589 ad
992 1524 1080 1590 Gre-

41 1623 149 1686 gor.
180 1629 217 1693 p.
233 1606 304 1671 332.
327 1604 383 1670 vbi
403 1603 502 1691 plura
524 1605 684 1710 exemBla
705 1605 847 1669 collecta
872 1619 958 1672 aunt

136 1722 180 1786 Si
207 1721 331 1787 lineola
353 1722 412 1788 illa
433 1720 600 1808 syllabam
626 1743 666 1786 ον
684 1720 878 1808 significans
900 1722 1003 1790 ductu
1022 1748 1078 1792 ca·

48 1799 158 1872 lami
183 1810 303 1895 potius
323 1819 417 1906 recto
440 1828 542 1892 quam
566 1805 707 1901 obliquo
728 1805 899 1904 scribitar,
929 1807 963 1905 iol
980 1811 1080 1956 iquod

52 1891 321 1980 tachygrapho
339 1893 446 1957 lrneaa
468 1892 508 1954 ad
531 1912 692 1955 amussrm
714 1913 784 1954 non
806 1902 960 1974 exugenu
995 1895 1082 1960 acrlo

56 1975 228 2060 accidit,
248 1999 320 2040 non
342 1975 490 2060 mirum,
511 1974 538 2040 si
562 1972 638 2062 quis
659 1996 734 2038 eam
756 1973 879 2040 habeat
894 1997 957 2062 pro
969 1976 1080 2044 lineo·
1141 2057 1147 2067 ‚

53 2092 94 2158 la
122 2091 345 2178 significante
366 2071 407 2195 ἐν,
433 2093 587 2198 legatque
608 2069 653 2175 ο,
681 2090 738 2157 vbi
760 2071 805 2158 ον
821 2089 888 2178 legi
911 2106 1080 2179 oporteat.

54 2177 124 2241 Sic
151 2179 316 2261 legerunt
344 2200 406 2242 οια
429 2199 492 2263 pro
511 2200 610 2242 σοον.
641 2197 670 2238 v.
694 2175 806 2263 Epist.
830 2198 858 2262 p.
882 2182 952 2239 208.
996 2181 1078 2244 No-

86 2285 138 2326 ue
163 2261 290 2326 desunt
311 2261 469 2346 exempla
501 2261 627 2327 erroris
658 2259 831 2325 contrarii.
875 2259 932 2323 Sic
961 2263 1079 2359 quiin

54 2287 281 2410 lluhnkenii
313 2367 409 2409 vsum
432 2344 671 2432 apographum
689 2345 838 2410 confecit
859 2343 1080 2414 Schohorum

55 2427 362 2514 Platonicorum,
383 2429 539 2515 στέρνον
559 2451 624 2516 pro
652 2429 781 2513 στέρνα
803 2427 938 2515 scripsit
961 2455 988 2517 p.
1013 2453 1080 2519 191.

58 2517 169 2581 Nam
196 2512 318 2578 Codex
344 2512 454 2600 ¹⁸07o
475 2515 564 2580 vnde
583 2513 679 2579 locus
702 2513 758 2579 ille
781 2525 912 2578 sumtus
933 2528 996 2601 est,
1021 2518 1081 2582 ha·

1 2631 2 2659 ²
64 2665 134 2730 bet
166 2639 330 2732 carra.

140 2782 329 2848 Posterior
350 2795 431 2850 nota
459 2807 473 2848 a
498 2783 607 2850 llabae
625 2805 669 2848 σν
690 2803 759 2846 non
780 2802 856 2845 rara
879 2791 929 2847 est
951 2782 988 2846 in
1013 2781 1080 2847 Co·

63 2868 150 2934 dice
179 2867 327 2933 SGerm.
354 2870 425 2935 345.
468 2805 507 2932 ll.
530 2892 557 2934 ο.
585 2867 620 2932 in
651 2865 842 2952 Apollonio
872 2889 904 2931 v.
926 2867 1079 2948 α’μαθύ-

62 2977 126 3019 νει
151 3001 160 3016 .
186 2999 194 3013 .
216 2997 224 3013 .
246 2952 317 3016 dna
329 2956 387 3018 τοῦ
407 2951 566 3036 ἄμισθον
589 2941 678 3018 εἶναι
695 2948 943 3030 ἀνεπίγνωστον
965 2973 1004 3041 τῃ
1018 2974 1080 3015 πο-

65 3036 217 3114 σότητιε
251 3057 281 3102 v.
308 3035 544 3120 ἠμαθόεντος,
576 3035 652 3116 ἤτοι
682 3037 741 3099 τοι)
764 3033 921 3117 ἄμαθον
949 3036 1080 3116 πολλήν

67 3121 237 3207 ἴχοντσςι
268 3143 299 3185 v.
321 3119 388 3188 ἄνα
411 3169 418 3185 .
442 3170 450 3186 .
470 3171 477 3186 .
501 3171 507 3184 .
537 3122 641 3205 σέβας
664 3121 700 3186 δέ
723 3140 761 3183 σε
786 3119 914 3202 θυμὸν
938 3119 1077 3184 ἱκέσθω.

67 3226 105 3270 v.
141 3204 227 3269 Tab.
260 3202 322 3267 IV.
351 3229 446 3272 num.
482 3229 529 3294 17.
553 3218 586 3270 et
613 3206 659 3270 18.
690 3215 724 3267 et
746 3203 893 3289 Gregor.
915 3226 947 3290 p.
970 3226 1018 3268 22.
1044 3216 1080 3270 ot

69 3290 150 3357 303.
184 3299 254 3355 aot.
276 3289 347 3375 (*).
391 3290 470 3356 lnde
491 3290 637 3364 accidit,
666 3299 702 3354 vt
729 3284 905 3352 interdum
926 3289 1080 3372 legerent

71 3431 134 3488 ος,
172 3405 230 3471 vbi
267 3406 446 3491 legendum
477 3419 562 3474 esset
594 3431 641 3472 σν.
684 3405 842 3469 Siccam
879 3403 1078 3472 Villoisono

70 3492 182 3558 credo
212 3489 250 3553 ia
275 3491 466 3579 Apollonio
486 3516 519 3579 p.
541 3516 569 3557 2.
593 3491 814 3556 οἷκολονθσνν
836 3488 875 3556 τὸ
900 3489 1079 3576 ὁμοκέλευ-

69 3578 166 3642 θον
187 3576 371 3662 legendum
391 3595 457 3638 esce
488 3601 551 3663 pro
583 3576 840 3658 ὁμοκέλευθος.
872 3598 902 3640 v.
931 3574 1078 3663 Gregor.

70 3685 105 3750 p.
137 3663 215 3726 344.
260 3659 298 3724 ln
329 3659 521 3748 Etymolog.
552 3663 599 3726 M.
638 3683 665 3725 v.
703 3659 840 3744 ἄριστος
874 3659 1010 3744 corrigo
1041 3657 1092 3722 το

70 3749 238 3813 δεῖπνον
256 3764 321 3829 pro
343 3743 381 3807 τό
403 3745 564 3820 octavae.
593 3765 625 3811 v.
656 3744 799 3831 Gregor.
832 3769 862 3832 p.
887 3763 937 3806 aa.
974 3743 1083 3808 Grae·

779 3831 915 3904 Ccca
