2558 4590
202 373 206 386 ’
231 396 289 453 τεο
331 329 612 445 αεταοιτινε
634 379 694 444 σε
716 377 967 441 οιεττοτο
987 379 1173 444 uomet.
1257 349 1272 366 ‘

272 549 301 642 ᾗ.
319 550 444 637 111.⁵⁸)
475 550 546 614 Τῶν
559 549 806 636 παρατατικῶν
820 547 1033 626 παθητικῶν
1047 535 1224 636 ὀριοτιιιύτἶ
1275 601 1279 607 ,

233 641 294 702 καὶ
312 639 378 702 τῶν
396 635 587 700 ἐνεστώτων
600 633 646 698 τοὶ
661 636 779 720 πρῶτα
794 632 959 718 πρόςωπα
975 633 1049 696 τῶν
1069 637 1224 714 iutuitu-²

232 724 356 797 τικῶν,
388 709 464 784 οἷον
486 718 715 804 τοπτόμεθα,
739 716 958 803 ποιούμεθα,
988 715 1206 804 ἐτυπτόμεθι,
1263 766 1279 795 ,

234 923 401 1001 diligenter
425 941 516 1001 saepe
530 918 699 980 custodiuit
718 930 851 1000 utraque
874 920 982 985 tabula
999 917 1215 998 Heracleinsiu

236 1025 315 1086 quae
335 1005 457 1086 egregia
478 1007 601 1084 priscae
632 1003 833 1085 Antiquitatis
852 1013 1057 1065 monumenta
1080 1013 1153 1061 antu.⁵
1175 1003 1216 1062 hu
1237 999 1241 1010 '

235 1093 345 1150 decem
367 1109 466 1149 annos
489 1109 561 1149 cum
584 1090 663 1151 orbe
688 1088 812 1149 erudito
831 1086 1077 1148 communicauit
1102 1087 1217 1146 Doctiu.

236 1178 272 1235 A.
290 1176 321 1235 S.
343 1172 528 1233 Mazochius.
572 1173 732 1233 Incertum
756 1171 930 1252 sophistam
950 1171 1032 1231 Diss.
1065 1171 1217 1230 DoricaV.

237 1279 269 1339 p.
293 1258 363 1336 728.
384 1258 576 1317 collectionis
597 1255 729 1337 Mythol.
753 1254 856 1333 Galei,
875 1255 1047 1315 admodum
1063 1255 1220 1334 probabile
1255 1267 1276 1300 ἐν

239 1352 293 1411 est,
314 1341 492 1419 scripsisse:
523 1335 601 1403 ούτω
624 1337 836 1439 μανθάνομες
854 1338 894 1402 τοὶ
915 1338 1075 1423 όνύματα,
1098 1345 1158 1400 καὶ
1176 1338 1223 1406 τώς
1258 1351 1275 1386 -1

238 1423 435 1494 διδασκόλως
455 1424 527 1487 ούκὶ
549 1423 714 1508 ώκουομες.
749 1423 927 1506 Ἤλεγκταί
945 1448 1002 1507 μοι
1024 1422 1044 1484 0‘
1067 1422 1224 1502 λόγοςεῐτ.

239 1529 299 1588 pro
315 1508 385 1572 ούκέ
400 1504 487 1592 ἅμες.
510 1506 548 1573 ού
563 1513 704 1572 λε’λεκται
725 1541 769 1554 -
792 1508 835 1566 sic
858 1509 992 1590 vulgatis
1009 1507 1110 1566 etium
1124 1509 1157 1565 iu
1173 1505 1226 1566 Fa·
1272 1554 1273 1558 ,

240 1593 335 1654 bricii
351 1591 429 1651 Bibl.
447 1593 500 1650 Gr.
517 1593 583 1652 XII.
596 1613 626 1672 p.
646 1591 717 1651 632.
733 1589 911 1674 Ἥλεγκται
933 1593 1046 1654 saltem
1065 1591 1159 1650 dubio
1173 1611 1225 1650 va-

241 1685 299 1736 cat.
324 1713 366 1726 —
389 1676 495 1736 Nostri
518 1672 693 1736 obderuutio
718 1675 887 1739 referenda
917 1677 957 1737 ad
976 1675 1148 1735 Theocriti
1166 1673 1228 1740 Eiu

175 1815 180 1826 ,
240 1759 478 1821 X111.1.velt.
505 1759 607 1820 Kouu,

286 1845 339 1924 58)
361 1843 436 1904 cod.
449 1842 482 1902 Β.
496 1844 556 1907 τῶν
571 1864 691 1924 παρατ.
708 1849 830 1922 παθητ.
845 1850 904 1906 καὶ
926 1841 988 1906 τῶν
1002 1841 1184 1906 ἐνεστώτων
1197 1841 1230 1904 τό

241 1951 297 2010 πρ.
320 1951 376 2008 πρ.
401 1925 463 1991 τῶν
484 1927 716 2003 πληθυντικῶν,
737 1929 927 2015 τυπτόμεθα
947 1928 1154 2012 ἐποιούμεθα
1171 1934 1230 1989 ἐτο-

243 2011 394 2098 πτόμεθα
412 2011 623 2096 ἐποιούμεθα,
645 2012 862 2098 ἐπεπτόμεσθα
883 2010 1107 2096 ἐποιούμεσθα
1127 2015 1230 2090 λέγων.

242 2119 302 2172 σιν,
322 2095 364 2164 ώς
377 2095 609 2176 θεόκρθνατοι
623 2095 789 2181 πελόμεθα
802 2109 861 2158 etc.
876 2119 911 2158 ac
927 2096 1040 2155 deinde
1057 2117 1132 2156 cum
1143 2095 1229 2156 Codd.

241 2199 268 2241 a.
287 2192 320 2245 et
335 2183 362 2241 b.
377 2205 402 2242 τ.
420 2187 485 2243 ἐστὶ
500 2203 529 2240 ιι.
546 2183 688 2256 ἐωνικόν,
709 2202 773 2242 nou
787 2183 860 2246 ἔστι.
904 2180 977 2243 Cod.
994 2183 1030 2240 A.
1055 2181 1136 2241 haec
1161 2200 1230 2258 qua-

240 2273 315 2326 tuor
335 2267 435 2325 verba
461 2264 587 2324 omittit.
641 2265 738 2326 codd.
763 2289 790 2326 a.
816 2277 847 2327 et
865 2267 895 2325 b.
917 2264 981 2328 τῶν
1003 2263 1230 2346 παρατατικῶν

243 2347 435 2422 παθητικῶν
446 2345 487 2409 τοὶ
502 2347 614 2427 πρῶτα
629 2346 786 2428 πρόςωπα
804 2357 862 2414 καὶ
884 2349 942 2411 τῶν
959 2349 1147 2422 ἐνεστώτων,
1168 2347 1230 2410 οἷον

243 2429 430 2513 ποιούμεθα
454 2437 511 2493 καὶ
528 2431 739 2516 ἐποιούμεθα,
761 2433 966 2519 ποιούμεσθα
986 2441 1045 2496 καὶ
1066 2430 1228 2514 ἐποιούμε-

244 2518 314 2578 σθα
336 2519 476 2596 λέγουσι,
517 2525 575 2578 καὶ
601 2516 780 2598 Θεόκριτος·
806 2531 863 2582 etc.
914 2517 986 2579 Cod.
1010 2517 1104 2601 αιτσὶ
1126 2516 1228 2599 πρῶτα

242 2597 396 2680 πρόσωπα
413 2598 475 2662 τῶν
489 2599 681 2676 παθητικῶν
693 2602 923 2685 παρατατικῶν
931 2646 942 2674 ,
962 2601 1035 2676 ἤτοι
1054 2601 1090 2663 τό
1104 2599 1228 2663 ἐτυπτό-

242 2686 333 2767 μεθα
348 2690 405 2744 καὶ
417 2681 453 2744 τό
476 2683 673 2769 ἐποιούμεθα
688 2691 799 2765 ἐπίσης
819 2693 882 2756 τοῖς
903 2685 1040 2768 πρώτοις
1053 2685 1228 2766 προςώποιτ

242 2767 306 2830 τῶν
325 2766 516 2842 παθητικῶν
539 2769 709 2835 ἐνεστώτων
730 2777 949 2854 προφέρουσιν
977 2779 1010 2832 οἱ
1028 2773 1174 2837 Αἰολεῖς·
1197 2765 1227 2855 ”i

242 2851 307 2935 μοὶρ
318 2849 498 2928 ώναυξησίᾳ
511 2857 763 2938 προςνεέμενοιἾ
780 2856 815 2920 τό
830 2853 1030 2937 ἐτυπτόμεθα
1045 2854 1228 2937 τνπτόμεθα

242 2940 399 3018 λέγουσιν,
420 2941 476 2998 καὶ
492 2935 528 3000 τό
540 2937 741 3024 ἐποιούμεθα
756 2939 941 3026 ποιούμεθα
959 2946 1017 3000 καὶ
1032 2936 1070 3000 τό
1085 2937 1228 3020 ἐπελόμτ-

242 3023 292 3083 θα
308 3019 474 3104 πελόμεθα
489 3021 680 3098 ώναυξήτως,
702 3025 776 3093 ώςό
793 3023 967 3108 θεόκριτος,
990 3031 1023 3087 οἱ
1038 3025 1162 3084 θνατοὶ
1176 3029 1227 3080 etc.

243 3125 280 3165 uc
294 3105 407 3165 deinde
421 3111 485 3167 ἐστὶ
502 3105 535 3168 δέ
555 3114 612 3169 καὶ
634 3107 727 3172 τούτο
743 3107 880 3175 ἐωνικόν.
923 3108 997 3168 cod.
1015 3107 1144 3186 August.
1164 3104 1228 3166 Τῶν

241 3187 473 3271 παρατατικῶν
493 3191 684 3266 παθητικῶν
704 3192 871 3274 όριστικῶν
896 3199 953 3255 καὶ
979 3190 1041 3253 τῶν
1064 3187 1228 3253 ἐνεστώτων

242 3271 284 3336 τοὶ
308 3275 419 3358 πρῶτα
439 3275 611 3358 πρόςωπα,
642 3277 712 3342 οἷον
731 3277 767 3341 τό
787 3275 1006 3360 ἐποιούμεθα,
1036 3274 1225 3360 ποιούμεθα,

242 3358 462 3443 ἐποτούμεσθα
487 3367 544 3423 καὶ
566 3359 770 3445 ποιούμεσθα
793 3365 928 3446 λέγουσι.
975 3357 1158 3446 Θεόκριτος·
1175 3367 1224 3417 θῑθΊ

243 3461 279 3502 το
291 3440 404 3502 deinde
419 3442 510 3509 τοῦτο
525 3443 561 3508 δέ
571 3452 636 3509 ἐστι
651 3453 709 3510 καὶ
721 3444 875 3512 Ἰωνικόν.
919 3443 1051 3505 Sonitu.

274 3610 298 3676 Ρ)
314 3613 431 3665 uastius:
449 3615 510 3676 „De
524 3617 658 3668 locutione
672 3615 865 3683 προςκεύμενοι
880 3635 904 3668 ν.
918 3615 1070 3670 Βοὶττστιεό.
1093 3614 1127 3665 ad
1142 3611 1226 3662 Philo-

309 3692 385 3730 strat·
413 3673 476 3732 Her.
498 3701 524 3748 p.
548 3684 625 3750 294.“
661 3686 767 3752 Longus
804 3724 812 3739 .
834 3689 874 3748 78.
894 3687 958 3738 vill.
983 3681 1061 3732 πάνυ
1081 3680 1139 3746 γάρ
1161 3678 1224 3742 ἕώέῧ

309 3747 507 3811 προσκείμενον
521 3746 609 3798 αύτύν
623 3751 658 3823 τῇ
670 3750 749 3832 κόρη.
812 3757 927 3820 ionytiun
940 3753 1001 3804 nal.
1016 3751 1079 3802 Ant.
1095 3753 1171 3802 Rom.
1184 3747 1224 3798 Vl·

310 3831 333 3864 c.
350 3815 390 3866 65.
411 3813 439 3865 οἱ
452 3809 482 3864 όέ
495 3815 546 3880 τῆς
566 3813 679 3883 εἰρήνης
701 3817 915 3882 επτθνμσύντες
931 3818 964 3882 τῆ
981 3816 1120 3867 Μεντνιόν
1145 3833 1172 3864 τε
1185 3809 1226 3861 καὶ

313 3877 467 3950 Ούαέερίοτ·
492 3880 590 3956 γνώμῃ
609 3883 818 3948 προςετύθεντσ.
873 3877 1022 3940 Εού.’ντι.
1046 3881 1227 3946 amineum.

308 3951 381 4068 guod
398 3952 559 4016 praeferam.
577 3951 703 4004 Ceterum
721 3969 787 4022 auge
803 3958 898 4012 Lexicn
913 3954 1043 4008 aduerbio
1060 3947 1227 4016 dv“²·»‘³t'f⁶’i·

329 4033 421 4071 τηεσε.
