2544 4320
58 269 417 338 uottttEttTA'rto
441 216 891 332 tataioctttt‘lttct.
935 291 996 360 779

41 473 213 547 llsba'aa.
257 472 312 538 sic
335 473 417 538 Cad.
443 471 583 539 SGerm.
605 474 640 538 ia
664 473 799 539 Timaei
821 474 908 540 Lex.
922 475 998 542 Pla·

41 563 85 627 η.
103 566 152 628 dat
179 585 214 650 p.
237 559 306 624 160.
326 559 471 623 κοεινῶν
491 580 555 645 pro
579 566 686 642 aesia,
716 571 750 624 et
777 581 810 645 p.
842 579 912 646 ²²7·
936 583 998 626 πν-

41 643 128 712 ὶυων
155 669 218 733 pro
247 646 368 726 πυρῶν.
411 641 542 705 Pariter
581 643 790 708 Villaisontts
819 643 854 707 in
886 644 1009 709 schot

41 783 43 790 .
85 733 169 796 lliatl.
196 729 250 812 A,
279 730 352 792 535.
382 726 464 811 legit
491 727 579 810 μετὰ
600 727 784 812 οτωχοὶων
806 751 872 816 pro
894 753 1000 826 μετα-

41 819 148 902 ὀιγεῐι
177 815 243 877 boe
273 812 366 876 enim
395 825 533 876 accentu
562 811 598 876 ia
621 812 702 876 Cod.
731 809 998 879 venerabitur

41 925 75 966 ‘o
93 888 311 988 iterassesysi.
334 920 364 962 v.
385 895 538 984 Appeed.
556 919 587 984 p.
604 916 652 958 aa.
693 896 825 961 Eodem
848 898 1011 964 reserenss

41 1003 92 1052 tm
105 981 279 1071 χειρόνων
300 1003 365 1068 pro
385 985 499 1068 χεῖρον
520 979 557 1045 in
584 980 699 1044 Libaa.
720 979 781 1044 tv.
814 1003 846 1068 p.
865 983 947 1070 946,
974 1006 998 1045 t.

41 1104 142 1168 :ilicet
164 1089 240 1164 cuin
257 1097 496 1164 circumflexus
514 1097 663 1184 syllabae
688 1121 719 1163 εν
740 1098 903 1186 proprius
929 1122 1002 1166 naa·

41 1243 55 1286 s
82 1230 235 1306 vergeret
262 1219 302 1283 ad
329 1216 498 1305 syllabam
527 1196 606 1302 ρον,
638 1237 738 1302 tynam
767 1221 807 1283 ad
830 1195 878 1300 εἶ,
907 1217 1000 1284 visus

41 1351 56 1404 t
86 1350 170 1403 nota
198 1357 279 1418 essai¹
298 1331 562 1421 tachygraplaica
584 1333 737 1418 syllabae
759 1359 812 1403 ων.
863 1336 1001 1402 Locum

41 1423 145 1489 lbanii
160 1432 375 1509 corruptum,
391 1415 405 1482 ἰ
415 1421 505 1484 δεῖν
522 1417 683 1484 ἐντεῦθεν
703 1416 771 1488 ὅτι
788 1421 999 1507 χειρόνων

41 1515 72 1574 ‘aa
106 1507 151 1572 τοὶ
185 1504 372 1590 πράγματα
406 1505 476 1576 τοῖς
504 1499 665 1588 Ἀχαιοῖς,
703 1505 742 1572 ον’
775 1509 1001 1591 προτιμῶντω,

41 1592 165 1658 eiskius
184 1587 378 1654 felicissime
398 1586 447 1651 sic
476 1587 642 1652 conexit:
678 1584 750 1673 „si
769 1591 812 1655 δὲ
835 1591 1001 1655 ἐντεῦθεν

41 1677 103 1746 ἔτι
125 1679 274 1761 χεῖρον
305 1669 376 1749 ’ἕξει
407 1695 435 1735 κ.
458 1693 486 1734 τ.
515 1672 543 1734 λ.
564 1673 672 1759 pensi
697 1698 768 1739 ηοω
792 1674 1001 1762 facientem,

41 1765 70 1828 si
93 1761 159 1824 Irae
167 1770 275 1848 pacto
287 1757 373 1846 fiet,
394 1768 430 1820 vt
453 1776 508 1819 res
527 1754 743 1822 Graecorum
761 1758 877 1822 adlatae
892 1760 1002 1822 etiam

41 1845 157 1932 nagia
179 1865 322 1931 pessum
352 1843 470 1904 eant.“
514 1837 544 1902 E
575 1843 748 1906 contrario
790 1842 1003 1908 Villoisoraus

54 1926 321 2016 Apolloni0(v.
343 1922 568 2013 ἁρματροχιή)
583 1927 661 2011 aaa&
677 1926 762 2011 legit
776 1948 840 2014 pro
863 1929 1004 2036 esayam,

41 2025 133 2132 νυνὶ-χ
151 2065 215 2134 pro
236 2069 254 2108 s
288 2053 334 2123 (v.
355 2065 459 2131 supra
481 2039 518 2108 in
536 2055 576 2128 χ)
596 2054 776 2131 notamque
796 2041 945 2130 syllabae
960 2063 1006 2108 ων

41 2155 65 2196 ο
92 2129 317 2197 circumflexo
338 2127 513 2194 habuisset.
544 2151 573 2202 ν.
599 2127 756 2216 Append.
778 2129 800 2191 l.
821 2151 849 2193 c.
891 2128 1005 2193 later-

41 2271 92 2315 am
116 2260 200 2354 itata
229 2245 377 2331 syllabae
401 2223 451 2312 ων
476 2245 513 2312 in
542 2246 692 2354 legende
713 2251 813 2334 plane
851 2245 1005 2330 neglecta

210 2330 500 2504 νονω.
517 2333 661 2497 aas
676 2331 1004 2504 {asscella

41 2527 71 2567 ὀ
93 2501 277 2588 γαιώνων,
305 2521 335 2563 v.
361 2498 504 2584 Gregor.
528 2522 559 2585 p.
581 2506 652 2564 ναῖε.
796 2537 798 2544 ,

72 2618 111 2684 si
135 2631 216 2684 nota
238 2615 387 2705 syllabae
411 2641 456 2684 ων
485 2630 553 2682 tam
577 2619 713 2706 grandis
734 2629 803 2703 est,
823 2629 861 2686 vt
886 2617 922 2684 in
945 2638 1005 2683 vo·

41 2739 43 2766 e
68 2703 321 2790 πρεσβυτέρων,
341 2700 433 2766 haud
456 2724 534 2766 raro
557 2703 613 2778 lit,
635 2717 671 2769 vt
693 2717 828 2788 aeratus,
856 2703 915 2790 qui
936 2701 1006 2787 syl·

41 2790 110 2852 bae
133 2801 182 2852 est
201 2785 445 2866 antecedentis,
465 2808 525 2873 per
545 2787 641 2852 illam
663 2801 779 2855 notam
801 2785 1007 2877 porrigatur.

41 2872 104 2936 ¹ide
145 2894 244 2938 voces
277 2871 471 2936 καλούντων
503 2872 569 2934 tab.
606 2871 646 2934 V.
672 2897 766 2939 num.
798 2897 843 2956 a.,
878 2869 1007 2953 Ὠρίων,

41 2956 193 3022 sanatam
221 2954 286 3020 tab.
308 2954 353 3019 V.
381 2977 474 3019 num.
496 2959 525 3021 5.
547 2980 565 3021 e
587 2954 669 3020 Coa.
695 2957 804 3022 Vatic.
827 2957 899 3023 305.
941 2950 1010 3016 Mi·

41 3065 77 3104 as
104 3053 196 3106 recte
227 3037 515 3104 Montelalcauias
532 3039 708 3127 'Palaeogn
738 3067 769 3128 p.
791 3043 861 3108 346.
892 3039 956 3103 eol.
979 3036 1008 3100 3.

41 3209 42 3218 a
73 3181 122 3226 tr.
150 3169 270 3223 nomm
290 3154 439 3244 syllabae
464 3136 513 3221 ων
543 3179 609 3222 vna
640 3182 719 3224 cum
756 3169 855 3222 acuto
888 3152 1010 3263 habai}

41 3300 81 3342 ro
110 3274 260 3364 simplici
284 3272 488 3362 compendio
517 3273 618 3340 huius
647 3278 806 3364 syllabae.
849 3275 880 3339 T
883 3275 934 3384 ale
963 3273 1008 3339 ων

41 3418 100 3460 am
127 3404 227 3459 acuto
254 3402 511 3480 pertranseunte
544 3393 653 3459 simile
681 3406 730 3459 est
756 3395 885 3460 litterae
902 3420 924 3480 χ
944 3418 1009 3460 su·
1037 3403 1038 3408 ’

43 3479 246 3564 erscriptae,
268 3497 346 3540 aum
369 3498 472 3564 eaque
493 3478 717 3543 conl'anditur
728 3479 931 3570 Alciphron.
949 3477 1011 3561 Ill,

41 3567 91 3651 3.,
124 3563 180 3628 vbi
204 3561 373 3626 editiones
385 3573 477 3626 reete
505 3563 587 3628 dant
607 3562 820 3650 Στρονθὶων,
845 3565 905 3630 sed
927 3563 1010 3629 Cod-

41 3669 115 3735 720.
136 3644 361 3733 Στρούθιχος,
379 3643 417 3709 id
438 3648 529 3733 quod
545 3659 686 3735 apparet
697 3671 740 3714 ex
754 3655 894 3716 arcentis
908 3667 1012 3736 super

41 3792 57 3834 ν
87 3760 456 3917 scrgpto·u(l)ldid;a29fc
481 3764 603 3916 tipssa?
623 3750 839 3916 ¹2r90tirltyeg
869 3769 937 3836 tab.
965 3762 1011 3828 V.

41 3871 247 4024 illatas
277 3953 306 4000 v.
332 3874 479 4024 angli?
496 3875 536 4025 ἶ..
558 3871 1013 4024 bll‘sll'llblllllll
