<?xml version="1.0" encoding="UTF-8"?>
<!DOCTYPE html PUBLIC "-//W3C//DTD XHTML 1.0 Transitional//EN"
    "http://www.w3.org/TR/xhtml1/DTD/xhtml1-transitional.dtd">
<html xmlns="http://www.w3.org/1999/xhtml" xml:lang="en" lang="en">
 <head>
  <title>
</title>
<meta http-equiv="Content-Type" content="text/html;charset=utf-8" />
  <meta name='ocr-system' content='tesseract 3.04.00' />
  <meta name='ocr-capabilities' content='ocr_page ocr_carea ocr_par ocr_line ocrx_word'/>
</head>
<body>
  <div class='ocr_page' id='page_1' title='image "./gregoriicorinth00greggoog_0385.png"; bbox 0 0 2542 4388; ppageno 0'>
   <div class='ocr_carea' id='block_1_1' title="bbox 65 58 1075 207">
    <p class='ocr_par' dir='ltr' id='par_1_1' title="bbox 65 58 1075 207">
     <span class='ocr_line' id='line_1_1' title="bbox 65 58 1075 207; baseline 0.01 -35"><span class='ocrx_word' id='word_1_1' title='bbox 65 58 70 66; x_wconf 51' lang='grc'><strong>’</strong></span> <span class='ocrx_word' id='word_1_2' title='bbox 157 106 409 207; x_wconf 79' lang='lat' dir='ltr'><strong>orncoatvs</strong></span> <span class='ocrx_word' id='word_1_3' title='bbox 432 103 493 169; x_wconf 79' lang='lat' dir='ltr'><strong>nn</strong></span> <span class='ocrx_word' id='word_1_4' title='bbox 513 105 764 174; x_wconf 78' lang='lat' dir='ltr'><strong>otasrcro</strong></span> <span class='ocrx_word' id='word_1_5' title='bbox 786 111 969 178; x_wconf 73' lang='lat' dir='ltr'><strong>lONlcr.</strong></span> <span class='ocrx_word' id='word_1_6' title='bbox 1013 122 1075 182; x_wconf 80' lang='lat' dir='ltr'><strong>toa</strong></span> 
     </span>
    </p>
   </div>
   <div class='ocr_carea' id='block_1_2' title="bbox 6 275 1122 1790">
    <p class='ocr_par' dir='ltr' id='par_1_2' title="bbox 6 275 1122 1539">
     <span class='ocr_line' id='line_1_2' title="bbox 6 275 1072 368; baseline 0.001 -25"><span class='ocrx_word' id='word_1_7' title='bbox 6 281 23 300; x_wconf 60' lang='lat'><em>³</em></span> <span class='ocrx_word' id='word_1_8' title='bbox 100 285 188 358; x_wconf 82' lang='lat' dir='ltr'><strong>cirtio,</strong></span> <span class='ocrx_word' id='word_1_9' title='bbox 206 301 294 362; x_wconf 85' lang='lat' dir='ltr'><strong>equa</strong></span> <span class='ocrx_word' id='word_1_10' title='bbox 310 275 470 359; x_wconf 75' lang='lat' dir='ltr'><strong>plurimae</strong></span> <span class='ocrx_word' id='word_1_11' title='bbox 492 279 674 340; x_wconf 79' lang='lat' dir='ltr'><strong>mendacin</strong></span> <span class='ocrx_word' id='word_1_12' title='bbox 695 293 839 344; x_wconf 83' lang='lat' dir='ltr'><strong>veterum</strong></span> <span class='ocrx_word' id='word_1_13' title='bbox 851 286 941 346; x_wconf 87' lang='lat' dir='ltr'><strong>libris</strong></span> <span class='ocrx_word' id='word_1_14' title='bbox 958 307 1072 368; x_wconf 83' lang='lat' dir='ltr'><strong>super.</strong></span> 
     </span>
     <span class='ocr_line' id='line_1_3' title="bbox 95 355 1071 444; baseline 0.004 -16"><span class='ocrx_word' id='word_1_15' title='bbox 95 379 161 428; x_wconf 84' lang='lat' dir='ltr'><strong>sunt</strong></span> <span class='ocrx_word' id='word_1_16' title='bbox 179 363 382 444; x_wconf 82' lang='lat' dir='ltr'><strong>corrigendae.</strong></span> <span class='ocrx_word' id='word_1_17' title='bbox 440 363 538 422; x_wconf 85' lang='lat' dir='ltr'><strong>Vnam</strong></span> <span class='ocrx_word' id='word_1_18' title='bbox 557 355 592 422; x_wconf 79' lang='lat' dir='ltr'><strong>&#39;et</strong></span> <span class='ocrx_word' id='word_1_19' title='bbox 615 365 745 426; x_wconf 85' lang='lat' dir='ltr'><strong>alteram</strong></span> <span class='ocrx_word' id='word_1_20' title='bbox 771 367 823 428; x_wconf 89' lang='lat' dir='ltr'><strong>hic</strong></span> <span class='ocrx_word' id='word_1_21' title='bbox 847 373 993 429; x_wconf 77' lang='lat' dir='ltr'><strong>eximam.</strong></span> <span class='ocrx_word' id='word_1_22' title='bbox 1036 373 1071 432; x_wconf 85' lang='lat' dir='ltr'><strong>lu</strong></span> 
     </span>
     <span class='ocr_line' id='line_1_4' title="bbox 86 446 1070 531; baseline 0.004 -20"><span class='ocrx_word' id='word_1_23' title='bbox 86 452 274 530; x_wconf 77' lang='lat' dir='ltr'><strong>Parictyoues</strong></span> <span class='ocrx_word' id='word_1_24' title='bbox 286 446 398 528; x_wconf 79' lang='lat' dir='ltr'><strong>fragm.</strong></span> <span class='ocrx_word' id='word_1_25' title='bbox 410 447 493 526; x_wconf 86' lang='lat' dir='ltr'><strong>apud</strong></span> <span class='ocrx_word' id='word_1_26' title='bbox 508 447 594 507; x_wconf 85' lang='lat' dir='ltr'><strong>stob.</strong></span> <span class='ocrx_word' id='word_1_27' title='bbox 606 449 637 507; x_wconf 90' lang='lat' dir='ltr'><strong>S.</strong></span> <span class='ocrx_word' id='word_1_28' title='bbox 651 447 800 512; x_wconf 79' lang='lat' dir='ltr'><strong>Lxxvn.</strong></span> <span class='ocrx_word' id='word_1_29' title='bbox 815 475 843 531; x_wconf 89' lang='lat' dir='ltr'><strong>p.</strong></span> <span class='ocrx_word' id='word_1_30' title='bbox 860 455 930 528; x_wconf 85' lang='grc'><strong>457,</strong></span> <span class='ocrx_word' id='word_1_31' title='bbox 939 456 1070 515; x_wconf 55' lang='lat' dir='ltr'><strong>divul-</strong></span> 
     </span>
     <span class='ocr_line' id='line_1_5' title="bbox 82 530 1068 615; baseline 0.007 -20"><span class='ocrx_word' id='word_1_32' title='bbox 82 545 183 615; x_wconf 76' lang='lat' dir='ltr'><strong>galur:</strong></span> <span class='ocrx_word' id='word_1_33' title='bbox 204 541 229 594; x_wconf 80' lang='grc' dir='ltr'><strong><em>εἰ</em></strong></span> <span class='ocrx_word' id='word_1_34' title='bbox 243 532 279 593; x_wconf 78' lang='grc' dir='ltr'><strong>δέ</strong></span> <span class='ocrx_word' id='word_1_35' title='bbox 296 555 343 598; x_wconf 81' lang='grc' dir='ltr'><strong>τις</strong></span> <span class='ocrx_word' id='word_1_36' title='bbox 367 537 480 612; x_wconf 70' lang='grc' dir='ltr'><strong><em>γονέας</em></strong></span> <span class='ocrx_word' id='word_1_37' title='bbox 495 530 755 610; x_wconf 77' lang='grc' dir='ltr'><strong><em>ὑπερφρονέοιεν,</em></strong></span> <span class='ocrx_word' id='word_1_38' title='bbox 773 535 842 610; x_wconf 79' lang='grc' dir='ltr'><strong>ἐδέη</strong></span> <span class='ocrx_word' id='word_1_39' title='bbox 862 536 971 600; x_wconf 77' lang='grc' dir='ltr'><strong><em>κακῶν</em></strong></span> <span class='ocrx_word' id='word_1_40' title='bbox 986 545 1068 602; x_wconf 82' lang='grc' dir='ltr'><strong>ταύ-</strong></span> 
     </span>
     <span class='ocr_line' id='line_1_6' title="bbox 81 604 1067 702; baseline 0 -24"><span class='ocrx_word' id='word_1_41' title='bbox 81 643 118 702; x_wconf 75' lang='grc' dir='ltr'><strong>τῃ</strong></span> <span class='ocrx_word' id='word_1_42' title='bbox 130 626 184 679; x_wconf 75' lang='grc' dir='ltr'><strong>καὶ</strong></span> <span class='ocrx_word' id='word_1_43' title='bbox 198 618 279 702; x_wconf 70' lang='grc' dir='ltr'><strong><em>ζώσῃ</em></strong></span> <span class='ocrx_word' id='word_1_44' title='bbox 295 621 353 675; x_wconf 79' lang='grc' dir='ltr'><strong>καὶ</strong></span> <span class='ocrx_word' id='word_1_45' title='bbox 368 615 517 700; x_wconf 73' lang='grc' dir='ltr'><strong><em>θανούσῃ</em></strong></span> <span class='ocrx_word' id='word_1_46' title='bbox 542 617 688 698; x_wconf 76' lang='grc' dir='ltr'><strong><em>ἁμαρτία</em></strong></span> <span class='ocrx_word' id='word_1_47' title='bbox 710 620 803 698; x_wconf 80' lang='grc' dir='ltr'><strong><em>παρα</em></strong></span> <span class='ocrx_word' id='word_1_48' title='bbox 821 604 924 682; x_wconf 59' lang='grc' dir='ltr'><strong><em>θεοῖσι</em></strong></span> <span class='ocrx_word' id='word_1_49' title='bbox 943 622 1067 702; x_wconf 73' lang='grc' dir='ltr'><strong><em>γράφε.</em></strong></span> 
     </span>
     <span class='ocr_line' id='line_1_7' title="bbox 74 699 1068 786; baseline 0.008 -24"><span class='ocrx_word' id='word_1_50' title='bbox 74 726 133 764; x_wconf 78' lang='lat' dir='ltr'><strong>rua.</strong></span> <span class='ocrx_word' id='word_1_51' title='bbox 178 701 314 759; x_wconf 76' lang='lat' dir='ltr'>Dederat</span> <span class='ocrx_word' id='word_1_52' title='bbox 338 699 546 776; x_wconf 79' lang='lat' dir='ltr'><strong>Perictyone:</strong></span> <span class='ocrx_word' id='word_1_53' title='bbox 569 708 598 762; x_wconf 81' lang='grc' dir='ltr'><strong><em>εἰ</em></strong></span> <span class='ocrx_word' id='word_1_54' title='bbox 618 701 654 762; x_wconf 87' lang='grc' dir='ltr'><strong>δέ</strong></span> <span class='ocrx_word' id='word_1_55' title='bbox 673 725 718 770; x_wconf 75' lang='grc' dir='ltr'><strong>τις</strong></span> <span class='ocrx_word' id='word_1_56' title='bbox 737 709 851 784; x_wconf 73' lang='grc' dir='ltr'><strong><em>γονέας</em></strong></span> <span class='ocrx_word' id='word_1_57' title='bbox 870 709 1068 786; x_wconf 77' lang='grc' dir='ltr'><strong><em>ὑπερφρονέ-</em></strong></span> 
     </span>
     <span class='ocr_line' id='line_1_8' title="bbox 72 781 1066 870; baseline 0.006 -26"><span class='ocrx_word' id='word_1_58' title='bbox 72 809 133 848; x_wconf 81' lang='grc' dir='ltr'><strong><em>σεεν</em></strong></span> <span class='ocrx_word' id='word_1_59' title='bbox 148 785 191 870; x_wconf 63' lang='grc' dir='ltr'><strong>Ἴ,</strong></span> <span class='ocrx_word' id='word_1_60' title='bbox 215 783 263 845; x_wconf 85' lang='grc' dir='ltr'><strong>’Ἠ</strong></span> <span class='ocrx_word' id='word_1_61' title='bbox 279 785 423 844; x_wconf 86' lang='grc' dir='ltr'><em>ΛΕΓΗι</em></span> <span class='ocrx_word' id='word_1_62' title='bbox 445 781 557 858; x_wconf 82' lang='grc' dir='ltr'><strong><em>κακόν,</em></strong></span> <span class='ocrx_word' id='word_1_63' title='bbox 597 805 669 844; x_wconf 91' lang='lat' dir='ltr'><strong>uam</strong></span> <span class='ocrx_word' id='word_1_64' title='bbox 696 787 787 848; x_wconf 87' lang='lat' dir='ltr'><strong>initio</strong></span> <span class='ocrx_word' id='word_1_65' title='bbox 807 788 989 866; x_wconf 84' lang='lat' dir='ltr'><strong>fragmenti,</strong></span> <span class='ocrx_word' id='word_1_66' title='bbox 1031 791 1066 853; x_wconf 80' lang='lat' dir='ltr'><strong>in</strong></span> 
     </span>
     <span class='ocr_line' id='line_1_9' title="bbox 66 866 1065 949; baseline 0.011 -23"><span class='ocrx_word' id='word_1_67' title='bbox 66 891 125 949; x_wconf 79' lang='lat' dir='ltr'><strong>quo</strong></span> <span class='ocrx_word' id='word_1_68' title='bbox 143 871 242 947; x_wconf 84' lang='lat' dir='ltr'><strong>plura</strong></span> <span class='ocrx_word' id='word_1_69' title='bbox 260 876 333 925; x_wconf 82' lang='lat' dir='ltr'><strong>aunt</strong></span> <span class='ocrx_word' id='word_1_70' title='bbox 350 866 531 946; x_wconf 78' lang='lat' dir='ltr'><strong>deprauata,</strong></span> <span class='ocrx_word' id='word_1_71' title='bbox 554 869 684 928; x_wconf 79' lang='lat' dir='ltr'>scribit:</span> <span class='ocrx_word' id='word_1_72' title='bbox 710 869 787 936; x_wconf 81' lang='grc' dir='ltr'><strong><em>Οὔτε</em></strong></span> <span class='ocrx_word' id='word_1_73' title='bbox 802 873 889 944; x_wconf 81' lang='grc' dir='ltr'><strong><em>λέξαι</em></strong></span> <span class='ocrx_word' id='word_1_74' title='bbox 904 871 951 933; x_wconf 83' lang='grc' dir='ltr'><strong><em>δεῖ</em></strong></span> <span class='ocrx_word' id='word_1_75' title='bbox 959 873 1065 937; x_wconf 78' lang='grc' dir='ltr'><strong><em>κακόν</em></strong></span> 
     </span>
     <span class='ocr_line' id='line_1_10' title="bbox 62 950 1064 1036; baseline -0.003 -22"><span class='ocrx_word' id='word_1_76' title='bbox 62 957 188 1033; x_wconf 69' lang='grc' dir='ltr'><strong><em>γονέας,</em></strong></span> <span class='ocrx_word' id='word_1_77' title='bbox 211 950 284 1013; x_wconf 79' lang='grc' dir='ltr'><strong><em>οὔτε</em></strong></span> <span class='ocrx_word' id='word_1_78' title='bbox 296 950 397 1031; x_wconf 77' lang='grc' dir='ltr'><strong><em>ἔρξαι,</em></strong></span> <span class='ocrx_word' id='word_1_79' title='bbox 418 954 592 1014; x_wconf 72' lang='grc' dir='ltr'><strong><em>πείθεσθαι</em></strong></span> <span class='ocrx_word' id='word_1_80' title='bbox 613 951 646 1013; x_wconf 84' lang='grc' dir='ltr'><strong>δέ</strong></span> <span class='ocrx_word' id='word_1_81' title='bbox 663 953 818 1036; x_wconf 84' lang='lat' dir='ltr'><strong>[addenda</strong></span> <span class='ocrx_word' id='word_1_82' title='bbox 839 965 885 1016; x_wconf 86' lang='lat' dir='ltr'><strong>est</strong></span> <span class='ocrx_word' id='word_1_83' title='bbox 897 959 1064 1035; x_wconf 79' lang='lat' dir='ltr'><strong>praeposi.</strong></span> 
     </span>
     <span class='ocr_line' id='line_1_11' title="bbox 62 1033 1064 1120; baseline 0.005 -24"><span class='ocrx_word' id='word_1_84' title='bbox 62 1039 102 1096; x_wconf 89' lang='lat' dir='ltr'><strong>tio</strong></span> <span class='ocrx_word' id='word_1_85' title='bbox 123 1037 171 1118; x_wconf 89' lang='grc' dir='ltr'><strong>ἐν]</strong></span> <span class='ocrx_word' id='word_1_86' title='bbox 194 1038 348 1120; x_wconf 81' lang='grc' dir='ltr'><strong><em>μικροῖσί</em></strong></span> <span class='ocrx_word' id='word_1_87' title='bbox 380 1056 412 1097; x_wconf 84' lang='grc' dir='ltr'><strong><em>τε</em></strong></span> <span class='ocrx_word' id='word_1_88' title='bbox 435 1041 494 1096; x_wconf 78' lang='grc' dir='ltr'><strong>καὶ</strong></span> <span class='ocrx_word' id='word_1_89' title='bbox 542 1033 682 1118; x_wconf 77' lang='grc' dir='ltr'><strong><em>εγσὶἐσισι</em></strong></span> <span class='ocrx_word' id='word_1_90' title='bbox 702 1037 856 1116; x_wconf 75' lang='grc' dir='ltr'><strong><em>γονεῦσιν.</em></strong></span> <span class='ocrx_word' id='word_1_91' title='bbox 899 1038 1001 1100; x_wconf 79' lang='lat' dir='ltr'><strong>¹Bone</strong></span> <span class='ocrx_word' id='word_1_92' title='bbox 1023 1041 1064 1102; x_wconf 89' lang='lat' dir='ltr'><strong>sit</strong></span> 
     </span>
     <span class='ocr_line' id='line_1_12' title="bbox 58 1061 1062 1199; baseline 0 -19"><span class='ocrx_word' id='word_1_93' title='bbox 58 1120 250 1194; x_wconf 80' lang='lat' dir='ltr'><strong>liaaeuicio,</strong></span> <span class='ocrx_word' id='word_1_94' title='bbox 269 1122 334 1199; x_wconf 88' lang='lat' dir='ltr'><strong>qui,</strong></span> <span class='ocrx_word' id='word_1_95' title='bbox 355 1119 410 1178; x_wconf 86' lang='lat' dir='ltr'><strong>vhi</strong></span> <span class='ocrx_word' id='word_1_96' title='bbox 425 1119 459 1177; x_wconf 88' lang='lat' dir='ltr'><strong>in</strong></span> <span class='ocrx_word' id='word_1_97' title='bbox 473 1061 630 1199; x_wconf 65' lang='lat' dir='ltr'><strong>Poiyaeno</strong></span> <span class='ocrx_word' id='word_1_98' title='bbox 644 1119 677 1180; x_wconf 94' lang='lat' dir='ltr'><strong>L.</strong></span> <span class='ocrx_word' id='word_1_99' title='bbox 696 1121 731 1182; x_wconf 87' lang='lat' dir='ltr'><strong>V.</strong></span> <span class='ocrx_word' id='word_1_100' title='bbox 744 1121 776 1182; x_wconf 89' lang='lat' dir='ltr'><strong>C.</strong></span> <span class='ocrx_word' id='word_1_101' title='bbox 792 1124 843 1182; x_wconf 76' lang='lat' dir='ltr'><strong>tt.</strong></span> <span class='ocrx_word' id='word_1_102' title='bbox 857 1124 977 1183; x_wconf 84' lang='lat' dir='ltr'><strong>editur:</strong></span> <span class='ocrx_word' id='word_1_103' title='bbox 997 1130 1062 1188; x_wconf 86' lang='grc' dir='ltr'><strong>Νί.</strong></span> 
     </span>
     <span class='ocr_line' id='line_1_13' title="bbox 58 1200 1061 1290; baseline 0.002 -23"><span class='ocrx_word' id='word_1_104' title='bbox 58 1229 123 1267; x_wconf 77' lang='grc' dir='ltr'><strong>νων</strong></span> <span class='ocrx_word' id='word_1_105' title='bbox 137 1203 275 1288; x_wconf 78' lang='grc' dir='ltr'><strong><em>Σάμιος</em></strong></span> <span class='ocrx_word' id='word_1_106' title='bbox 288 1200 478 1286; x_wconf 76' lang='grc' dir='ltr'><strong><em>κυβερνήτης</em></strong></span> <span class='ocrx_word' id='word_1_107' title='bbox 499 1237 540 1251; x_wconf 96' lang='grc'>-</span> <span class='ocrx_word' id='word_1_108' title='bbox 561 1205 646 1266; x_wconf 70' lang='lat' dir='ltr'><strong>inias</strong></span> <span class='ocrx_word' id='word_1_109' title='bbox 662 1203 737 1289; x_wconf 83' lang='grc' dir='ltr'><strong><em>παρ’</em></strong></span> <span class='ocrx_word' id='word_1_110' title='bbox 751 1204 853 1274; x_wconf 73' lang='grc' dir='ltr'><strong><em>αὐτοῖς</em></strong></span> <span class='ocrx_word' id='word_1_111' title='bbox 862 1207 919 1276; x_wconf 69' lang='lat' dir='ltr'><strong>ecia</strong></span> <span class='ocrx_word' id='word_1_112' title='bbox 931 1207 1061 1290; x_wconf 80' lang='grc' dir='ltr'><strong><em>πρώρας</em></strong></span> 
     </span>
     <span class='ocr_line' id='line_1_14' title="bbox 49 1286 1060 1374; baseline 0.002 -22"><span class='ocrx_word' id='word_1_113' title='bbox 49 1291 120 1352; x_wconf 78' lang='lat' dir='ltr'><strong>&#39;sair</strong></span> <span class='ocrx_word' id='word_1_114' title='bbox 137 1291 305 1372; x_wconf 78' lang='grc' dir='ltr'><strong><em>πολεμίων</em></strong></span> <span class='ocrx_word' id='word_1_115' title='bbox 320 1286 463 1368; x_wconf 82' lang='grc' dir='ltr'><strong><em>τριήρων,</em></strong></span> <span class='ocrx_word' id='word_1_116' title='bbox 486 1310 526 1355; x_wconf 86' lang='grc' dir='ltr'><strong>ως</strong></span> <span class='ocrx_word' id='word_1_117' title='bbox 536 1293 628 1366; x_wconf 81' lang='grc' dir='ltr'><strong><em>φίλος</em></strong></span> <span class='ocrx_word' id='word_1_118' title='bbox 642 1287 686 1352; x_wconf 81' lang='grc' dir='ltr'><strong>ὢν</strong></span> <span class='ocrx_word' id='word_1_119' title='bbox 701 1289 817 1360; x_wconf 78' lang='grc' dir='ltr'><strong><em>αὐταῖς</em></strong></span> <span class='ocrx_word' id='word_1_120' title='bbox 830 1291 903 1374; x_wconf 90' lang='lat' dir='ltr'><strong>(hoc</strong></span> <span class='ocrx_word' id='word_1_121' title='bbox 920 1293 1060 1369; x_wconf 82' lang='lat' dir='ltr'><strong>praestat</strong></span> 
     </span>
     <span class='ocr_line' id='line_1_15' title="bbox 58 1370 1122 1460; baseline 0.004 -28"><span class='ocrx_word' id='word_1_122' title='bbox 58 1393 139 1454; x_wconf 87' lang='lat' dir='ltr'><strong>prae</strong></span> <span class='ocrx_word' id='word_1_123' title='bbox 156 1373 296 1439; x_wconf 77' lang='grc' dir='ltr'><strong><em>ναύταις</em></strong></span> <span class='ocrx_word' id='word_1_124' title='bbox 309 1373 367 1458; x_wconf 59' lang='lat'><strong>¹7)</strong></span> <span class='ocrx_word' id='word_1_125' title='bbox 392 1370 556 1453; x_wconf 68' lang='grc' dir='ltr'><strong><em>προελθών</em></strong></span> <span class='ocrx_word' id='word_1_126' title='bbox 580 1372 627 1435; x_wconf 83' lang='grc' dir='ltr'><strong>ἐπ’</strong></span> <span class='ocrx_word' id='word_1_127' title='bbox 649 1375 791 1453; x_wconf 77' lang='grc' dir='ltr'><em>ἐσχάτων</em></span> <span class='ocrx_word' id='word_1_128' title='bbox 814 1376 876 1436; x_wconf 82' lang='grc' dir='ltr'><strong>τῶν</strong></span> <span class='ocrx_word' id='word_1_129' title='bbox 888 1375 1059 1460; x_wconf 80' lang='grc' dir='ltr'><strong><em>ὁρμουσῶν</em></strong></span> <span class='ocrx_word' id='word_1_130' title='bbox 1120 1430 1122 1436; x_wconf 75' lang='grc'><strong><em>,</em></strong></span> 
     </span>
     <span class='ocr_line' id='line_1_16' title="bbox 58 1456 1059 1539; baseline 0.004 -20"><span class='ocrx_word' id='word_1_131' title='bbox 58 1459 146 1520; x_wconf 79' lang='grc' dir='ltr'><strong><em>νεῶν</em></strong></span> <span class='ocrx_word' id='word_1_132' title='bbox 159 1461 324 1532; x_wconf 82' lang='grc' dir='ltr'><strong><em>ἐξέπλευσε,</em></strong></span> <span class='ocrx_word' id='word_1_133' title='bbox 347 1457 508 1515; x_wconf 82' lang='lat' dir='ltr'><strong>nouuerit</strong></span> <span class='ocrx_word' id='word_1_134' title='bbox 522 1456 555 1514; x_wconf 86' lang='lat' dir='ltr'><strong>in</strong></span> <span class='ocrx_word' id='word_1_135' title='bbox 574 1456 655 1518; x_wconf 83' lang='lat' dir='ltr'><strong>MSS.</strong></span> <span class='ocrx_word' id='word_1_136' title='bbox 672 1481 731 1539; x_wconf 91' lang='lat' dir='ltr'><strong>pro</strong></span> <span class='ocrx_word' id='word_1_137' title='bbox 755 1462 912 1534; x_wconf 77' lang='grc' dir='ltr'><strong><em>ἐξέπλευσε</em></strong></span> <span class='ocrx_word' id='word_1_138' title='bbox 929 1481 993 1519; x_wconf 86' lang='lat' dir='ltr'><strong>esse</strong></span> <span class='ocrx_word' id='word_1_139' title='bbox 1010 1464 1059 1536; x_wconf 84' lang='grc' dir='ltr'><strong>ἐξ·</strong></span> 
     </span>
    </p>

    <p class='ocr_par' dir='ltr' id='par_1_3' title="bbox 34 1540 1057 1790">
     <span class='ocr_line' id='line_1_17' title="bbox 34 1540 1057 1624; baseline 0 -20"><span class='ocrx_word' id='word_1_140' title='bbox 34 1583 38 1591; x_wconf 91' lang='grc'>-</span> <span class='ocrx_word' id='word_1_141' title='bbox 57 1545 206 1617; x_wconf 78' lang='grc' dir='ltr'><strong><em>έπλησεν</em></strong></span> <span class='ocrx_word' id='word_1_142' title='bbox 220 1552 250 1600; x_wconf 87' lang='lat' dir='ltr'><strong>et</strong></span> <span class='ocrx_word' id='word_1_143' title='bbox 261 1545 430 1616; x_wconf 77' lang='grc' dir='ltr'><strong><em>ἐξέπλησσε.</em></strong></span> <span class='ocrx_word' id='word_1_144' title='bbox 478 1540 669 1602; x_wconf 87' lang='lat' dir='ltr'><strong>Difficillima</strong></span> <span class='ocrx_word' id='word_1_145' title='bbox 690 1545 827 1624; x_wconf 90' lang='lat' dir='ltr'><strong>alioquin</strong></span> <span class='ocrx_word' id='word_1_146' title='bbox 840 1545 950 1605; x_wconf 78' lang='lat' dir='ltr'><strong>luisset</strong></span> <span class='ocrx_word' id='word_1_147' title='bbox 963 1565 1057 1605; x_wconf 85' lang='lat' dir='ltr'><strong>verae</strong></span> 
     </span>
     <span class='ocr_line' id='line_1_18' title="bbox 57 1624 1056 1704; baseline 0 -18"><span class='ocrx_word' id='word_1_148' title='bbox 57 1625 216 1686; x_wconf 87' lang='lat' dir='ltr'><strong>lectionia</strong></span> <span class='ocrx_word' id='word_1_149' title='bbox 228 1625 399 1704; x_wconf 78' lang='lat' dir='ltr'><strong>indagatio:</strong></span> <span class='ocrx_word' id='word_1_150' title='bbox 421 1624 589 1704; x_wconf 77' lang='grc' dir='ltr'><strong><em>προελθών</em></strong></span> <span class='ocrx_word' id='word_1_151' title='bbox 603 1663 644 1674; x_wconf 90' lang='grc'><strong>-</strong></span> <span class='ocrx_word' id='word_1_152' title='bbox 665 1624 919 1701; x_wconf 83' lang='grc' dir='ltr'><strong><em>ἘΞΕΠΑΙΣΕ,</em></strong></span> <span class='ocrx_word' id='word_1_153' title='bbox 947 1634 1056 1689; x_wconf 79' lang='lat' dir='ltr'><strong>euasit.</strong></span> 
     </span>
     <span class='ocr_line' id='line_1_19' title="bbox 57 1707 1057 1790; baseline 0.003 -20"><span class='ocrx_word' id='word_1_154' title='bbox 57 1711 216 1770; x_wconf 79' lang='lat' dir='ltr'><strong>Anaxilaa</strong></span> <span class='ocrx_word' id='word_1_155' title='bbox 230 1709 375 1770; x_wconf 76' lang='lat' dir='ltr'><strong>Ncottide</strong></span> <span class='ocrx_word' id='word_1_156' title='bbox 396 1711 477 1790; x_wconf 87' lang='lat' dir='ltr'><strong>apud</strong></span> <span class='ocrx_word' id='word_1_157' title='bbox 505 1707 620 1768; x_wconf 81' lang='lat' dir='ltr'><strong>Athen.</strong></span> <span class='ocrx_word' id='word_1_158' title='bbox 643 1709 673 1770; x_wconf 87' lang='lat' dir='ltr'><strong>L.</strong></span> <span class='ocrx_word' id='word_1_159' title='bbox 693 1711 775 1771; x_wconf 85' lang='lat' dir='ltr'><strong>Xlll.</strong></span> <span class='ocrx_word' id='word_1_160' title='bbox 798 1731 830 1790; x_wconf 87' lang='lat' dir='ltr'><strong>p.</strong></span> <span class='ocrx_word' id='word_1_161' title='bbox 848 1712 919 1772; x_wconf 80' lang='lat'><strong>558.</strong></span> <span class='ocrx_word' id='word_1_162' title='bbox 937 1711 968 1771; x_wconf 87' lang='lat' dir='ltr'><strong>C.</strong></span> <span class='ocrx_word' id='word_1_163' title='bbox 988 1707 1057 1774; x_wconf 75' lang='grc' dir='ltr'><strong>ἀλλ’</strong></span> 
     </span>
    </p>
   </div>
   <div class='ocr_carea' id='block_1_3' title="bbox 53 1791 1058 2143">
    <p class='ocr_par' dir='ltr' id='par_1_4' title="bbox 53 1791 1058 2143">
     <span class='ocr_line' id='line_1_20' title="bbox 62 1791 1058 1880; baseline 0 -24"><span class='ocrx_word' id='word_1_164' title='bbox 62 1797 210 1868; x_wconf 84' lang='grc' dir='ltr'><strong><em>ἐξέπαισε</em></strong></span> <span class='ocrx_word' id='word_1_165' title='bbox 223 1799 368 1878; x_wconf 73' lang='grc' dir='ltr'><strong><em>πορθμὶς</em></strong></span> <span class='ocrx_word' id='word_1_166' title='bbox 382 1799 511 1870; x_wconf 78' lang='grc' dir='ltr'><strong><em>ἐλατίνῳ</em></strong></span> <span class='ocrx_word' id='word_1_167' title='bbox 526 1791 641 1880; x_wconf 72' lang='grc' dir='ltr'><strong>πλάσῃ.</strong></span> <span class='ocrx_word' id='word_1_168' title='bbox 684 1793 736 1853; x_wconf 85' lang='lat' dir='ltr'><strong>sic</strong></span> <span class='ocrx_word' id='word_1_169' title='bbox 762 1795 845 1854; x_wconf 86' lang='lat' dir='ltr'><strong>enim</strong></span> <span class='ocrx_word' id='word_1_170' title='bbox 862 1815 922 1873; x_wconf 91' lang='lat' dir='ltr'><strong>pro</strong></span> <span class='ocrx_word' id='word_1_171' title='bbox 937 1797 1058 1868; x_wconf 76' lang='grc' dir='ltr'><strong><em>ἐξέπεσε</em></strong></span> 
     </span>
     <span class='ocr_line' id='line_1_21' title="bbox 60 1877 1057 1959; baseline 0 -23"><span class='ocrx_word' id='word_1_172' title='bbox 60 1880 201 1938; x_wconf 82' lang='lat' dir='ltr'><strong>correxit</strong></span> <span class='ocrx_word' id='word_1_173' title='bbox 213 1899 340 1958; x_wconf 84' lang='lat' dir='ltr'><strong>magnus</strong></span> <span class='ocrx_word' id='word_1_174' title='bbox 357 1877 570 1952; x_wconf 76' lang='lat' dir='ltr'><strong>Caaaubonus3</strong></span> <span class='ocrx_word' id='word_1_175' title='bbox 594 1898 656 1956; x_wconf 92' lang='lat' dir='ltr'><strong>quo</strong></span> <span class='ocrx_word' id='word_1_176' title='bbox 671 1877 750 1937; x_wconf 81' lang='lat' dir='ltr'><strong>vitio</strong></span> <span class='ocrx_word' id='word_1_177' title='bbox 766 1888 797 1937; x_wconf 85' lang='lat' dir='ltr'><strong>et</strong></span> <span class='ocrx_word' id='word_1_178' title='bbox 816 1878 898 1956; x_wconf 87' lang='lat' dir='ltr'><strong>apud</strong></span> <span class='ocrx_word' id='word_1_179' title='bbox 910 1879 1057 1959; x_wconf 83' lang='lat' dir='ltr'><strong>Polyaen.</strong></span> 
     </span>
     <span class='ocr_line' id='line_1_22' title="bbox 58 1954 1056 2044; baseline -0.001 -22"><span class='ocrx_word' id='word_1_180' title='bbox 58 1961 93 2025; x_wconf 89' lang='lat' dir='ltr'><strong>L.</strong></span> <span class='ocrx_word' id='word_1_181' title='bbox 112 1963 146 2022; x_wconf 83' lang='lat' dir='ltr'><strong>V.</strong></span> <span class='ocrx_word' id='word_1_182' title='bbox 169 1963 202 2022; x_wconf 84' lang='lat' dir='ltr'><strong>C.</strong></span> <span class='ocrx_word' id='word_1_183' title='bbox 227 1981 275 2024; x_wconf 88' lang='lat' dir='ltr'><strong>rr.</strong></span> <span class='ocrx_word' id='word_1_184' title='bbox 298 1963 432 2043; x_wconf 89' lang='lat' dir='ltr'><strong>legitur:</strong></span> <span class='ocrx_word' id='word_1_185' title='bbox 453 1964 586 2024; x_wconf 84' lang='grc' dir='ltr'><strong><em>Γέσκων</em></strong></span> <span class='ocrx_word' id='word_1_186' title='bbox 610 1960 822 2044; x_wconf 76' lang='grc' dir='ltr'><strong><em>φυγαδευθεὶς</em></strong></span> <span class='ocrx_word' id='word_1_187' title='bbox 844 1954 976 2036; x_wconf 76' lang='grc' dir='ltr'><strong><em>ἐξέπεσε,</em></strong></span> <span class='ocrx_word' id='word_1_188' title='bbox 996 1983 1056 2042; x_wconf 87' lang='lat' dir='ltr'><strong>pro</strong></span> 
     </span>
     <span class='ocr_line' id='line_1_23' title="bbox 53 2043 1055 2143; baseline 0.001 -35"><span class='ocrx_word' id='word_1_189' title='bbox 53 2049 211 2121; x_wconf 76' lang='grc' dir='ltr'><strong><em>ἐξέπαισε.</em></strong></span> <span class='ocrx_word' id='word_1_190' title='bbox 238 2045 332 2108; x_wconf 84' lang='lat' dir='ltr'><strong>Conl.</strong></span> <span class='ocrx_word' id='word_1_191' title='bbox 359 2055 428 2134; x_wconf 77' lang='lat' dir='ltr'><strong>not.</strong></span> <span class='ocrx_word' id='word_1_192' title='bbox 448 2045 488 2106; x_wconf 86' lang='lat' dir='ltr'><strong>ad</strong></span> <span class='ocrx_word' id='word_1_193' title='bbox 506 2044 640 2126; x_wconf 80' lang='lat' dir='ltr'><strong>Hesych.</strong></span> <span class='ocrx_word' id='word_1_194' title='bbox 671 2043 705 2106; x_wconf 88' lang='lat' dir='ltr'><strong>V.</strong></span> <span class='ocrx_word' id='word_1_195' title='bbox 729 2047 970 2143; x_wconf 75' lang='grc' dir='ltr'><strong><em>Διεκπέσαντες.</em></strong></span> <span class='ocrx_word' id='word_1_196' title='bbox 995 2048 1055 2130; x_wconf 81' lang='lat'><strong>***)</strong></span> 
     </span>
    </p>
   </div>
   <div class='ocr_carea' id='block_1_4' title="bbox 60 2186 1059 2515">
    <p class='ocr_par' dir='ltr' id='par_1_5' title="bbox 86 2186 1059 2258">
     <span class='ocr_line' id='line_1_24' title="bbox 86 2186 1059 2258; baseline -0.002 -16"><span class='ocrx_word' id='word_1_197' title='bbox 86 2188 111 2258; x_wconf 70' lang='lat'><strong>²)</strong></span> <span class='ocrx_word' id='word_1_198' title='bbox 128 2192 315 2244; x_wconf 80' lang='lat' dir='ltr'><strong>scribendum</strong></span> <span class='ocrx_word' id='word_1_199' title='bbox 331 2186 529 2256; x_wconf 73' lang='grc' dir='ltr'><strong><em>ὑπερφρονέυι.</em></strong></span> <span class='ocrx_word' id='word_1_200' title='bbox 565 2189 697 2241; x_wconf 87' lang='lat' dir='ltr'><strong>Similiter</strong></span> <span class='ocrx_word' id='word_1_201' title='bbox 716 2188 767 2240; x_wconf 92' lang='lat' dir='ltr'><strong>hoc</strong></span> <span class='ocrx_word' id='word_1_202' title='bbox 789 2188 958 2258; x_wconf 77' lang='lat' dir='ltr'><strong>Perictyouea</strong></span> <span class='ocrx_word' id='word_1_203' title='bbox 983 2193 1059 2256; x_wconf 74' lang='lat' dir='ltr'><strong>scag-</strong></span> 
     </span>
    </p>

    <p class='ocr_par' dir='ltr' id='par_1_6' title="bbox 121 2255 1053 2326">
     <span class='ocr_line' id='line_1_25' title="bbox 121 2255 1053 2326; baseline -0.002 -16"><span class='ocrx_word' id='word_1_204' title='bbox 121 2275 250 2311; x_wconf 81' lang='lat' dir='ltr'><strong>mentuau</strong></span> <span class='ocrx_word' id='word_1_205' title='bbox 268 2272 364 2311; x_wconf 86' lang='lat' dir='ltr'><strong>tractat</strong></span> <span class='ocrx_word' id='word_1_206' title='bbox 385 2258 521 2310; x_wconf 86' lang='lat' dir='ltr'><strong>lacobsius</strong></span> <span class='ocrx_word' id='word_1_207' title='bbox 545 2255 734 2310; x_wconf 80' lang='lat' dir='ltr'><strong>Animaduers.</strong></span> <span class='ocrx_word' id='word_1_208' title='bbox 750 2261 777 2310; x_wconf 89' lang='lat' dir='ltr'><strong>iu</strong></span> <span class='ocrx_word' id='word_1_209' title='bbox 794 2258 940 2312; x_wconf 76' lang='lat' dir='ltr'>stobaeum</span> <span class='ocrx_word' id='word_1_210' title='bbox 952 2277 980 2326; x_wconf 81' lang='lat' dir='ltr'><strong>p.</strong></span> <span class='ocrx_word' id='word_1_211' title='bbox 993 2259 1053 2323; x_wconf 85' lang='lat'><strong>278.</strong></span> 
     </span>
    </p>

    <p class='ocr_par' dir='ltr' id='par_1_7' title="bbox 60 2328 1052 2515">
     <span class='ocr_line' id='line_1_26' title="bbox 60 2328 1052 2461; baseline 0.002 -15"><span class='ocrx_word' id='word_1_212' title='bbox 60 2434 64 2441; x_wconf 94' lang='lat'><strong>.</strong></span> <span class='ocrx_word' id='word_1_213' title='bbox 85 2328 246 2458; x_wconf 60' lang='lat' dir='ltr'><strong>⁰)sschhilii</strong></span> <span class='ocrx_word' id='word_1_214' title='bbox 261 2397 375 2447; x_wconf 77' lang='lat' dir='ltr'><strong>varietas</strong></span> <span class='ocrx_word' id='word_1_215' title='bbox 387 2407 495 2447; x_wconf 88' lang='lat' dir='ltr'><strong>notatur</strong></span> <span class='ocrx_word' id='word_1_216' title='bbox 512 2396 540 2446; x_wconf 88' lang='lat' dir='ltr'><strong>in</strong></span> <span class='ocrx_word' id='word_1_217' title='bbox 555 2365 677 2447; x_wconf 74' lang='lat' dir='ltr'><strong>Ileroicia</strong></span> <span class='ocrx_word' id='word_1_218' title='bbox 690 2390 848 2446; x_wconf 72' lang='lat' dir='ltr'><strong>Philostrati</strong></span> <span class='ocrx_word' id='word_1_219' title='bbox 863 2412 891 2461; x_wconf 86' lang='lat' dir='ltr'><strong>p.</strong></span> <span class='ocrx_word' id='word_1_220' title='bbox 899 2393 960 2447; x_wconf 73' lang='grc'><strong>635.</strong></span> <span class='ocrx_word' id='word_1_221' title='bbox 969 2397 1052 2448; x_wconf 83' lang='lat' dir='ltr'><strong>Boss-</strong></span> 
     </span>
     <span class='ocr_line' id='line_1_27' title="bbox 121 2481 744 2515; baseline -0.002 -1"><span class='ocrx_word' id='word_1_222' title='bbox 121 2481 185 2515; x_wconf 87' lang='lat' dir='ltr'><strong>soss.</strong></span> <span class='ocrx_word' id='word_1_223' title='bbox 742 2487 744 2492; x_wconf 96' lang='lat'>·</span> 
     </span>
    </p>
   </div>
   <div class='ocr_carea' id='block_1_5' title="bbox 151 2529 1054 2598">
    <p class='ocr_par' dir='ltr' id='par_1_8' title="bbox 151 2529 1054 2598">
     <span class='ocr_line' id='line_1_28' title="bbox 151 2529 1054 2598; baseline -0.002 -16"><span class='ocrx_word' id='word_1_224' title='bbox 151 2533 350 2586; x_wconf 83' lang='lat' dir='ltr'><strong>Boiseouadus:</strong></span> <span class='ocrx_word' id='word_1_225' title='bbox 386 2533 445 2594; x_wconf 81' lang='lat' dir='ltr'><strong>„De</strong></span> <span class='ocrx_word' id='word_1_226' title='bbox 464 2531 564 2584; x_wconf 85' lang='lat' dir='ltr'><strong>horam</strong></span> <span class='ocrx_word' id='word_1_227' title='bbox 585 2530 732 2584; x_wconf 78' lang='lat' dir='ltr'><strong>verborum</strong></span> <span class='ocrx_word' id='word_1_228' title='bbox 755 2533 955 2598; x_wconf 75' lang='lat' dir='ltr'><strong>permutatione</strong></span> <span class='ocrx_word' id='word_1_229' title='bbox 980 2529 1054 2580; x_wconf 83' lang='lat' dir='ltr'><strong>conf.</strong></span> 
     </span>
    </p>
   </div>
   <div class='ocr_carea' id='block_1_6' title="bbox 40 2525 1074 3740">
    <p class='ocr_par' dir='ltr' id='par_1_9' title="bbox 85 2525 1074 3541">
     <span class='ocr_line' id='line_1_29' title="bbox 85 2525 1053 2668; baseline -0.003 -19"><span class='ocrx_word' id='word_1_230' title='bbox 85 2525 278 2651; x_wconf 48' lang='lat' dir='ltr'><strong>*i&#39;oreonum</strong></span> <span class='ocrx_word' id='word_1_231' title='bbox 298 2601 332 2651; x_wconf 90' lang='lat' dir='ltr'><strong>ad</strong></span> <span class='ocrx_word' id='word_1_232' title='bbox 355 2599 480 2668; x_wconf 87' lang='lat' dir='ltr'><strong>Euripid.</strong></span> <span class='ocrx_word' id='word_1_233' title='bbox 500 2597 601 2651; x_wconf 79' lang='lat' dir='ltr'><strong>Hecuh.</strong></span> <span class='ocrx_word' id='word_1_234' title='bbox 618 2615 642 2651; x_wconf 83' lang='lat' dir='ltr'><strong>r.</strong></span> <span class='ocrx_word' id='word_1_235' title='bbox 662 2598 718 2651; x_wconf 86' lang='lat'><strong>118.</strong></span> <span class='ocrx_word' id='word_1_236' title='bbox 732 2611 825 2652; x_wconf 86' lang='lat' dir='ltr'><strong>notam</strong></span> <span class='ocrx_word' id='word_1_237' title='bbox 846 2599 880 2650; x_wconf 85' lang='lat' dir='ltr'><strong>ad</strong></span> <span class='ocrx_word' id='word_1_238' title='bbox 896 2595 1053 2648; x_wconf 80' lang='lat' dir='ltr'><strong>l‘hilostrat·</strong></span> 
     </span>
     <span class='ocr_line' id='line_1_30' title="bbox 119 2663 1074 2732; baseline -0.005 -14"><span class='ocrx_word' id='word_1_239' title='bbox 119 2667 187 2718; x_wconf 81' lang='lat' dir='ltr'><strong>lter.</strong></span> <span class='ocrx_word' id='word_1_240' title='bbox 206 2685 235 2732; x_wconf 86' lang='lat' dir='ltr'><strong>p·</strong></span> <span class='ocrx_word' id='word_1_241' title='bbox 248 2667 306 2719; x_wconf 73' lang='lat'><strong>545.</strong></span> <span class='ocrx_word' id='word_1_242' title='bbox 324 2670 408 2719; x_wconf 83' lang='lat' dir='ltr'><strong>Reita.</strong></span> <span class='ocrx_word' id='word_1_243' title='bbox 423 2669 457 2719; x_wconf 86' lang='lat' dir='ltr'><strong>ad</strong></span> <span class='ocrx_word' id='word_1_244' title='bbox 471 2668 581 2718; x_wconf 83' lang='lat' dir='ltr'><strong>Luciau.</strong></span> <span class='ocrx_word' id='word_1_245' title='bbox 598 2667 631 2716; x_wconf 90' lang='grc' dir='ltr'><strong>Τ.</strong></span> <span class='ocrx_word' id='word_1_246' title='bbox 648 2665 696 2716; x_wconf 85' lang='grc' dir='ltr'><strong>ΙΧ.</strong></span> <span class='ocrx_word' id='word_1_247' title='bbox 715 2685 740 2732; x_wconf 90' lang='lat' dir='ltr'><strong>p.</strong></span> <span class='ocrx_word' id='word_1_248' title='bbox 750 2665 830 2717; x_wconf 77' lang='lat'><strong>345.“</strong></span> <span class='ocrx_word' id='word_1_249' title='bbox 865 2665 983 2714; x_wconf 81' lang='lat' dir='ltr'><strong>Bestius:</strong></span> <span class='ocrx_word' id='word_1_250' title='bbox 1003 2663 1074 2722; x_wconf 84' lang='lat' dir='ltr'><strong>„V.&#39;&#39;</strong></span> 
     </span>
     <span class='ocr_line' id='line_1_31' title="bbox 117 2730 1055 2800; baseline -0.004 -17"><span class='ocrx_word' id='word_1_251' title='bbox 117 2731 278 2788; x_wconf 75' lang='lat' dir='ltr'><strong>Boiucnad.</strong></span> <span class='ocrx_word' id='word_1_252' title='bbox 296 2735 329 2785; x_wconf 84' lang='lat' dir='ltr'><strong>ad</strong></span> <span class='ocrx_word' id='word_1_253' title='bbox 342 2735 468 2786; x_wconf 74' lang='lat' dir='ltr'><strong>Philocte.</strong></span> <span class='ocrx_word' id='word_1_254' title='bbox 481 2735 545 2784; x_wconf 84' lang='lat' dir='ltr'><strong>Her.</strong></span> <span class='ocrx_word' id='word_1_255' title='bbox 561 2751 588 2800; x_wconf 89' lang='lat' dir='ltr'><strong>p.</strong></span> <span class='ocrx_word' id='word_1_256' title='bbox 607 2733 667 2784; x_wconf 75' lang='lat'><strong>543.</strong></span> <span class='ocrx_word' id='word_1_257' title='bbox 684 2737 732 2800; x_wconf 86' lang='lat' dir='ltr'><strong>qui</strong></span> <span class='ocrx_word' id='word_1_258' title='bbox 745 2731 966 2783; x_wconf 82' lang='lat' dir='ltr'><strong>citatLueianum</strong></span> <span class='ocrx_word' id='word_1_259' title='bbox 981 2730 1055 2780; x_wconf 84' lang='lat' dir='ltr'><strong>Dial.</strong></span> 
     </span>
     <span class='ocr_line' id='line_1_32' title="bbox 118 2791 1055 2917; baseline -0.009 -66"><span class='ocrx_word' id='word_1_260' title='bbox 118 2799 193 2852; x_wconf 71' lang='lat' dir='ltr'><strong>Her·</strong></span> <span class='ocrx_word' id='word_1_261' title='bbox 207 2801 268 2853; x_wconf 84' lang='lat' dir='ltr'><strong>XV.</strong></span> <span class='ocrx_word' id='word_1_262' title='bbox 287 2801 358 2866; x_wconf 82' lang='lat' dir='ltr'><strong>(vot.</strong></span> <span class='ocrx_word' id='word_1_263' title='bbox 367 2804 420 2854; x_wconf 85' lang='lat' dir='ltr'><strong>ill.</strong></span> <span class='ocrx_word' id='word_1_264' title='bbox 459 2799 538 2917; x_wconf 51' lang='lat' dir='ltr'><strong>mi</strong></span> <span class='ocrx_word' id='word_1_265' title='bbox 549 2799 599 2848; x_wconf 79' lang='grc' dir='ltr'><strong>καὶ</strong></span> <span class='ocrx_word' id='word_1_266' title='bbox 611 2796 661 2850; x_wconf 77' lang='grc' dir='ltr'><strong>τὸν</strong></span> <span class='ocrx_word' id='word_1_267' title='bbox 669 2799 798 2865; x_wconf 81' lang='grc' dir='ltr'><strong><em>κρατῆρα</em></strong></span> <span class='ocrx_word' id='word_1_268' title='bbox 807 2791 945 2876; x_wconf 42' lang='grc' dir='ltr'><strong>έξὲχεενῤ1</strong></span> <span class='ocrx_word' id='word_1_269' title='bbox 954 2811 975 2842; x_wconf 88' lang='grc' dir='ltr'><strong><em>π</em></strong></span> <span class='ocrx_word' id='word_1_270' title='bbox 985 2809 1055 2876; x_wconf 59' lang='grc' dir='ltr'><strong><em>εις-</em></strong></span> 
     </span>
     <span class='ocr_line' id='line_1_33' title="bbox 119 2863 1056 2936; baseline -0.001 -18"><span class='ocrx_word' id='word_1_271' title='bbox 119 2866 273 2928; x_wconf 79' lang='grc' dir='ltr'><strong><em>παίσας,</em></strong></span> <span class='ocrx_word' id='word_1_272' title='bbox 296 2887 412 2936; x_wconf 90' lang='lat' dir='ltr'><strong>proquo</strong></span> <span class='ocrx_word' id='word_1_273' title='bbox 454 2867 520 2918; x_wconf 85' lang='lat' dir='ltr'><strong>uach</strong></span> <span class='ocrx_word' id='word_1_274' title='bbox 540 2871 582 2917; x_wconf 91' lang='lat' dir='ltr'><strong>iua</strong></span> <span class='ocrx_word' id='word_1_275' title='bbox 598 2865 756 2918; x_wconf 75' lang='lat' dir='ltr'><strong>Anahcrit.</strong></span> <span class='ocrx_word' id='word_1_276' title='bbox 781 2886 807 2934; x_wconf 90' lang='lat' dir='ltr'><strong>p.</strong></span> <span class='ocrx_word' id='word_1_277' title='bbox 831 2863 889 2931; x_wconf 74' lang='lat'><strong>175.</strong></span> <span class='ocrx_word' id='word_1_278' title='bbox 912 2875 1056 2929; x_wconf 60' lang='lat' dir='ltr'><strong>&amp;uwel-3</strong></span> 
     </span>
     <span class='ocr_line' id='line_1_34' title="bbox 119 2927 1055 3008; baseline -0.006 -24"><span class='ocrx_word' id='word_1_279' title='bbox 119 2949 192 2991; x_wconf 76' lang='grc' dir='ltr'><strong>σας</strong></span> <span class='ocrx_word' id='word_1_280' title='bbox 210 2940 296 3002; x_wconf 82' lang='lat' dir='ltr'><strong>legere</strong></span> <span class='ocrx_word' id='word_1_281' title='bbox 310 2939 397 2987; x_wconf 83' lang='lat' dir='ltr'><strong>malit.</strong></span> <span class='ocrx_word' id='word_1_282' title='bbox 436 2937 492 3002; x_wconf 83' lang='lat' dir='ltr'><strong>Ego</strong></span> <span class='ocrx_word' id='word_1_283' title='bbox 509 2952 572 2985; x_wconf 83' lang='lat' dir='ltr'><strong>vero</strong></span> <span class='ocrx_word' id='word_1_284' title='bbox 589 2928 772 2992; x_wconf 77' lang='grc' dir='ltr'><strong><em>έπειςπαέσας</em></strong></span> <span class='ocrx_word' id='word_1_285' title='bbox 785 2952 838 2984; x_wconf 91' lang='lat' dir='ltr'><strong>non</strong></span> <span class='ocrx_word' id='word_1_286' title='bbox 856 2931 991 3008; x_wconf 62' lang='lat' dir='ltr'><strong>damnem.</strong></span> <span class='ocrx_word' id='word_1_287' title='bbox 1009 2927 1055 2980; x_wconf 83' lang='lat' dir='ltr'><strong>Sic</strong></span> 
     </span>
     <span class='ocr_line' id='line_1_35' title="bbox 119 2993 1057 3069; baseline -0.014 -14"><span class='ocrx_word' id='word_1_288' title='bbox 119 3005 261 3055; x_wconf 75' lang='lat' dir='ltr'><strong>Lucienus</strong></span> <span class='ocrx_word' id='word_1_289' title='bbox 276 3007 303 3054; x_wconf 88' lang='lat' dir='ltr'><strong>in</strong></span> <span class='ocrx_word' id='word_1_290' title='bbox 317 3004 411 3054; x_wconf 75' lang='lat' dir='ltr'><strong>eodem</strong></span> <span class='ocrx_word' id='word_1_291' title='bbox 431 3005 538 3069; x_wconf 78' lang='lat' dir='ltr'><strong>dialogo</strong></span> <span class='ocrx_word' id='word_1_292' title='bbox 556 3001 646 3067; x_wconf 67' lang='grc' dir='ltr'><strong>ριὸπὸ.</strong></span> <span class='ocrx_word' id='word_1_293' title='bbox 663 3000 712 3050; x_wconf 82' lang='grc' dir='ltr'><strong>καὶ</strong></span> <span class='ocrx_word' id='word_1_294' title='bbox 725 2998 798 3063; x_wconf 68' lang='lat' dir='ltr'><strong>perol</strong></span> <span class='ocrx_word' id='word_1_295' title='bbox 813 2993 919 3062; x_wconf 81' lang='grc' dir='ltr'><strong><em>μικρδν</em></strong></span> <span class='ocrx_word' id='word_1_296' title='bbox 935 3008 1057 3051; x_wconf 77' lang='grc' dir='ltr'><strong><em>επεες-</em></strong></span> 
     </span>
     <span class='ocr_line' id='line_1_36' title="bbox 120 3061 1055 3132; baseline -0.01 -12"><span class='ocrx_word' id='word_1_297' title='bbox 120 3069 267 3120; x_wconf 74' lang='lat' dir='ltr'><strong>ducenas</strong></span> <span class='ocrx_word' id='word_1_298' title='bbox 276 3088 291 3118; x_wconf 90' lang='grc' dir='ltr'><strong><em>ν</em></strong></span> <span class='ocrx_word' id='word_1_299' title='bbox 307 3067 377 3120; x_wconf 76' lang='grc' dir='ltr'><strong><em>ὅσον</em></strong></span> <span class='ocrx_word' id='word_1_300' title='bbox 390 3067 464 3120; x_wconf 66' lang='lat' dir='ltr'><strong>daret</strong></span> <span class='ocrx_word' id='word_1_301' title='bbox 477 3067 620 3118; x_wconf 65' lang='lat' dir='ltr'><strong>restrinxere</strong></span> <span class='ocrx_word' id='word_1_302' title='bbox 633 3065 711 3132; x_wconf 80' lang='grc' dir='ltr'><strong><em>μάλα</em></strong></span> <span class='ocrx_word' id='word_1_303' title='bbox 725 3079 810 3131; x_wconf 74' lang='grc' dir='ltr'><strong><em>παρτε</em></strong></span> <span class='ocrx_word' id='word_1_304' title='bbox 829 3063 863 3114; x_wconf 84' lang='lat' dir='ltr'><strong>ol.</strong></span> <span class='ocrx_word' id='word_1_305' title='bbox 900 3063 971 3113; x_wconf 87' lang='lat' dir='ltr'><strong>lhid·</strong></span> <span class='ocrx_word' id='word_1_306' title='bbox 980 3061 1055 3112; x_wconf 84' lang='lat' dir='ltr'><strong>Ceu·</strong></span> 
     </span>
     <span class='ocr_line' id='line_1_37' title="bbox 118 3123 1055 3210; baseline -0.013 -22"><span class='ocrx_word' id='word_1_307' title='bbox 118 3142 180 3188; x_wconf 77' lang='lat' dir='ltr'><strong>eiu·</strong></span> <span class='ocrx_word' id='word_1_308' title='bbox 198 3155 257 3206; x_wconf 86' lang='lat' dir='ltr'><strong>cap·</strong></span> <span class='ocrx_word' id='word_1_309' title='bbox 279 3157 317 3190; x_wconf 85' lang='lat'><strong>12.</strong></span> <span class='ocrx_word' id='word_1_310' title='bbox 334 3139 405 3202; x_wconf 68' lang='lat' dir='ltr'><strong>(Vol.</strong></span> <span class='ocrx_word' id='word_1_311' title='bbox 426 3138 479 3188; x_wconf 87' lang='lat'><strong>111.</strong></span> <span class='ocrx_word' id='word_1_312' title='bbox 500 3155 525 3203; x_wconf 90' lang='lat' dir='ltr'><strong>p.</strong></span> <span class='ocrx_word' id='word_1_313' title='bbox 545 3133 616 3198; x_wconf 81' lang='lat'><strong>425.)</strong></span> <span class='ocrx_word' id='word_1_314' title='bbox 638 3132 701 3197; x_wconf 78' lang='grc' dir='ltr'><strong>ἅμα</strong></span> <span class='ocrx_word' id='word_1_315' title='bbox 722 3126 752 3181; x_wconf 77' lang='grc' dir='ltr'><strong>δὲ</strong></span> <span class='ocrx_word' id='word_1_316' title='bbox 773 3146 864 3180; x_wconf 79' lang='grc' dir='ltr'><strong><em>ταυτα</em></strong></span> <span class='ocrx_word' id='word_1_317' title='bbox 888 3123 1055 3210; x_wconf 65' lang='grc' dir='ltr'><strong><em>Κλεόδημρς</em></strong></span> 
     </span>
     <span class='ocr_line' id='line_1_38' title="bbox 119 3191 1054 3276; baseline -0.013 -22"><span class='ocrx_word' id='word_1_318' title='bbox 119 3201 241 3270; x_wconf 76' lang='grc' dir='ltr'><strong><em>εἰρήκει,</em></strong></span> <span class='ocrx_word' id='word_1_319' title='bbox 264 3205 313 3254; x_wconf 80' lang='grc' dir='ltr'><strong>καὶ</strong></span> <span class='ocrx_word' id='word_1_320' title='bbox 337 3200 608 3262; x_wconf 80' lang='grc' dir='ltr'><strong><em>έπειςέπαισεν</em></strong></span> <span class='ocrx_word' id='word_1_321' title='bbox 632 3195 649 3250; x_wconf 81' lang='lat' dir='ltr'><strong>o‘</strong></span> <span class='ocrx_word' id='word_1_322' title='bbox 673 3191 800 3254; x_wconf 76' lang='grc' dir='ltr'><strong><em>Κυνικὸς</em></strong></span> <span class='ocrx_word' id='word_1_323' title='bbox 821 3191 997 3276; x_wconf 60' lang='grc' dir='ltr'><strong><em>Ἀλπιδᾰρεεες</em></strong></span> <span class='ocrx_word' id='word_1_324' title='bbox 1018 3210 1054 3242; x_wconf 86' lang='grc' dir='ltr'><strong>α-</strong></span> 
     </span>
     <span class='ocr_line' id='line_1_39' title="bbox 121 3269 1053 3335; baseline -0.014 -14"><span class='ocrx_word' id='word_1_325' title='bbox 121 3269 237 3335; x_wconf 68' lang='lat' dir='ltr'><strong>stipent.</strong></span> <span class='ocrx_word' id='word_1_326' title='bbox 255 3277 256 3280; x_wconf 77' lang='grc'>’</span> <span class='ocrx_word' id='word_1_327' title='bbox 272 3273 317 3323; x_wconf 86' lang='lat' dir='ltr'><strong>Sic</strong></span> <span class='ocrx_word' id='word_1_328' title='bbox 337 3291 402 3322; x_wconf 75' lang='lat' dir='ltr'><strong>vntas</strong></span> <span class='ocrx_word' id='word_1_329' title='bbox 426 3271 560 3324; x_wconf 81' lang='lat' dir='ltr'><strong>Codicum</strong></span> <span class='ocrx_word' id='word_1_330' title='bbox 580 3269 772 3321; x_wconf 73' lang='lat' dir='ltr'><strong>vaticanorum</strong></span> <span class='ocrx_word' id='word_1_331' title='bbox 794 3283 844 3331; x_wconf 92' lang='lat' dir='ltr'><strong>pro</strong></span> <span class='ocrx_word' id='word_1_332' title='bbox 868 3275 1053 3322; x_wconf 83' lang='grc' dir='ltr'><strong><em>επειςεπεσεν,</em></strong></span> 
     </span>
     <span class='ocr_line' id='line_1_40' title="bbox 122 3329 1055 3410; baseline -0.012 -21"><span class='ocrx_word' id='word_1_333' title='bbox 122 3341 199 3406; x_wconf 81' lang='lat' dir='ltr'><strong>qnod</strong></span> <span class='ocrx_word' id='word_1_334' title='bbox 214 3344 269 3388; x_wconf 86' lang='lat' dir='ltr'><strong>iam</strong></span> <span class='ocrx_word' id='word_1_335' title='bbox 284 3343 425 3406; x_wconf 76' lang='lat' dir='ltr'><strong>Berglerua</strong></span> <span class='ocrx_word' id='word_1_336' title='bbox 447 3353 473 3389; x_wconf 85' lang='lat' dir='ltr'><strong>et</strong></span> <span class='ocrx_word' id='word_1_337' title='bbox 494 3336 713 3388; x_wconf 78' lang='lat' dir='ltr'><strong>Hemsterhuaius</strong></span> <span class='ocrx_word' id='word_1_338' title='bbox 734 3333 920 3399; x_wconf 87' lang='lat' dir='ltr'><strong>repudiarunt.</strong></span> <span class='ocrx_word' id='word_1_339' title='bbox 932 3332 963 3382; x_wconf 86' lang='lat' dir='ltr'><strong>V.</strong></span> <span class='ocrx_word' id='word_1_340' title='bbox 980 3329 1055 3410; x_wconf 70' lang='lat' dir='ltr'><strong>hunc</strong></span> 
     </span>
     <span class='ocr_line' id='line_1_41' title="bbox 121 3399 1052 3476; baseline -0.014 -19"><span class='ocrx_word' id='word_1_341' title='bbox 121 3406 159 3458; x_wconf 91' lang='lat' dir='ltr'><strong>ad</strong></span> <span class='ocrx_word' id='word_1_342' title='bbox 180 3407 369 3474; x_wconf 72' lang='lat' dir='ltr'><strong>Aristophanis</strong></span> <span class='ocrx_word' id='word_1_343' title='bbox 392 3407 505 3458; x_wconf 86' lang='lat' dir='ltr'><strong>Plutum</strong></span> <span class='ocrx_word' id='word_1_344' title='bbox 525 3423 552 3472; x_wconf 92' lang='lat' dir='ltr'><strong>p.</strong></span> <span class='ocrx_word' id='word_1_345' title='bbox 577 3402 651 3466; x_wconf 57' lang='grc' dir='ltr'><strong>271.σε</strong></span> <span class='ocrx_word' id='word_1_346' title='bbox 689 3401 760 3452; x_wconf 89' lang='lat' dir='ltr'><strong>Cum</strong></span> <span class='ocrx_word' id='word_1_347' title='bbox 799 3415 916 3451; x_wconf 84' lang='lat' dir='ltr'><strong>ostremo</strong></span> <span class='ocrx_word' id='word_1_348' title='bbox 942 3399 1052 3476; x_wconf 72' lang='lat' dir='ltr'><strong>Luciam</strong></span> 
     </span>
     <span class='ocr_line' id='line_1_42' title="bbox 122 3463 1053 3541; baseline -0.017 -16"><span class='ocrx_word' id='word_1_349' title='bbox 122 3478 185 3525; x_wconf 88' lang='lat' dir='ltr'><strong>loeo</strong></span> <span class='ocrx_word' id='word_1_350' title='bbox 203 3491 342 3541; x_wconf 86' lang='lat' dir='ltr'><strong>compares</strong></span> <span class='ocrx_word' id='word_1_351' title='bbox 357 3473 428 3525; x_wconf 89' lang='lat' dir='ltr'><strong>huuc</strong></span> <span class='ocrx_word' id='word_1_352' title='bbox 442 3471 571 3524; x_wconf 78' lang='lat' dir='ltr'><strong>Athenaei</strong></span> <span class='ocrx_word' id='word_1_353' title='bbox 585 3473 619 3523; x_wconf 84' lang='lat' dir='ltr'><strong>T.</strong></span> <span class='ocrx_word' id='word_1_354' title='bbox 635 3471 657 3523; x_wconf 90' lang='grc' dir='ltr'><strong>Ι.</strong></span> <span class='ocrx_word' id='word_1_355' title='bbox 671 3487 697 3536; x_wconf 92' lang='lat' dir='ltr'><strong>p.</strong></span> <span class='ocrx_word' id='word_1_356' title='bbox 705 3469 747 3520; x_wconf 83' lang='lat'><strong>28.</strong></span> <span class='ocrx_word' id='word_1_357' title='bbox 765 3483 803 3525; x_wconf 79' lang='grc' dir='ltr'><strong>ως</strong></span> <span class='ocrx_word' id='word_1_358' title='bbox 818 3463 945 3530; x_wconf 72' lang='grc' dir='ltr'><strong>ἀκλήτου</strong></span> <span class='ocrx_word' id='word_1_359' title='bbox 959 3474 1053 3517; x_wconf 83' lang='grc' dir='ltr'><strong><em>επεις·</em></strong></span> 
     </span>
    </p>

    <p class='ocr_par' dir='ltr' id='par_1_10' title="bbox 40 3527 1055 3740">
     <span class='ocr_line' id='line_1_43' title="bbox 40 3527 1052 3608; baseline -0.01 -17"><span class='ocrx_word' id='word_1_360' title='bbox 40 3573 46 3580; x_wconf 89' lang='lat'><em>·</em></span> <span class='ocrx_word' id='word_1_361' title='bbox 121 3540 259 3598; x_wconf 78' lang='grc' dir='ltr'><strong><em>παίοντας</em></strong></span> <span class='ocrx_word' id='word_1_362' title='bbox 283 3541 324 3598; x_wconf 83' lang='grc' dir='ltr'><strong><em>εἰς</em></strong></span> <span class='ocrx_word' id='word_1_363' title='bbox 346 3540 383 3589; x_wconf 79' lang='lat' dir='ltr'><strong>ea&#39;</strong></span> <span class='ocrx_word' id='word_1_364' title='bbox 405 3537 561 3603; x_wconf 83' lang='grc' dir='ltr'><strong><em>συμπόσια.</em></strong></span> <span class='ocrx_word' id='word_1_365' title='bbox 595 3533 743 3590; x_wconf 80' lang='lat' dir='ltr'><strong>Brunekius</strong></span> <span class='ocrx_word' id='word_1_366' title='bbox 760 3535 792 3584; x_wconf 91' lang='lat' dir='ltr'><strong>ad</strong></span> <span class='ocrx_word' id='word_1_367' title='bbox 809 3533 933 3600; x_wconf 85' lang='lat' dir='ltr'><strong>Euripid.</strong></span> <span class='ocrx_word' id='word_1_368' title='bbox 948 3527 1052 3608; x_wconf 59' lang='grc' dir='ltr'><strong>Πρωὶ).</strong></span> 
     </span>
     <span class='ocr_line' id='line_1_44' title="bbox 121 3601 1053 3674; baseline -0.019 -16"><span class='ocrx_word' id='word_1_369' title='bbox 121 3626 149 3660; x_wconf 78' lang='lat' dir='ltr'><strong>r.</strong></span> <span class='ocrx_word' id='word_1_370' title='bbox 165 3615 238 3658; x_wconf 69' lang='lat' dir='ltr'><strong>nh:</strong></span> <span class='ocrx_word' id='word_1_371' title='bbox 259 3605 439 3669; x_wconf 82' lang='grc' dir='ltr'><strong><em>,,ξυνε’παισε.</em></strong></span> <span class='ocrx_word' id='word_1_372' title='bbox 475 3606 591 3659; x_wconf 82' lang='lat' dir='ltr'><strong>Membr.</strong></span> <span class='ocrx_word' id='word_1_373' title='bbox 612 3601 755 3664; x_wconf 83' lang='grc' dir='ltr'><strong><em>ξυνέπεσε.</em></strong></span> <span class='ocrx_word' id='word_1_374' title='bbox 788 3603 892 3666; x_wconf 76' lang='lat' dir='ltr'><strong>Vulgo,</strong></span> <span class='ocrx_word' id='word_1_375' title='bbox 909 3608 1053 3674; x_wconf 75' lang='grc' dir='ltr'><strong><em>συνέπεσε,</em></strong></span> 
     </span>
     <span class='ocr_line' id='line_1_45' title="bbox 120 3662 1055 3740; baseline -0.016 -14"><span class='ocrx_word' id='word_1_376' title='bbox 120 3675 261 3734; x_wconf 82' lang='lat' dir='ltr'><strong>mendose,</strong></span> <span class='ocrx_word' id='word_1_377' title='bbox 282 3691 311 3726; x_wconf 83' lang='lat' dir='ltr'><strong>vt</strong></span> <span class='ocrx_word' id='word_1_378' title='bbox 335 3695 349 3726; x_wconf 90' lang='lat' dir='ltr'><strong>e</strong></span> <span class='ocrx_word' id='word_1_379' title='bbox 374 3688 461 3726; x_wconf 85' lang='lat' dir='ltr'><strong>metro</strong></span> <span class='ocrx_word' id='word_1_380' title='bbox 485 3678 579 3740; x_wconf 87' lang='lat' dir='ltr'><strong>liquet.</strong></span> <span class='ocrx_word' id='word_1_381' title='bbox 615 3671 797 3722; x_wconf 82' lang='lat' dir='ltr'><strong>Escholiasta</strong></span> <span class='ocrx_word' id='word_1_382' title='bbox 812 3681 884 3719; x_wconf 83' lang='lat' dir='ltr'><strong>recta</strong></span> <span class='ocrx_word' id='word_1_383' title='bbox 899 3662 1055 3713; x_wconf 81' lang='lat' dir='ltr'><strong>emendanst</strong></span> 
     </span>
    </p>
   </div>
   <div class='ocr_carea' id='block_1_7' title="bbox 122 3729 1056 3812">
    <p class='ocr_par' dir='ltr' id='par_1_11' title="bbox 122 3729 1056 3812">
     <span class='ocr_line' id='line_1_46' title="bbox 122 3729 1056 3812; baseline -0.04 2"><span class='ocrx_word' id='word_1_384' title='bbox 122 3744 310 3810; x_wconf 60' lang='grc' dir='ltr'><strong>ΜΝἘῐυυὶιυυ</strong></span> <span class='ocrx_word' id='word_1_385' title='bbox 346 3744 369 3797; x_wconf 81' lang='grc' dir='ltr'>Ε</span> <span class='ocrx_word' id='word_1_386' title='bbox 388 3759 474 3812; x_wconf 81' lang='lat' dir='ltr'><strong>praua</strong></span> <span class='ocrx_word' id='word_1_387' title='bbox 488 3743 708 3810; x_wconf 81' lang='lat' dir='ltr'><strong>pronunciatione</strong></span> <span class='ocrx_word' id='word_1_388' title='bbox 723 3750 780 3790; x_wconf 88' lang='lat' dir='ltr'><strong>orta</strong></span> <span class='ocrx_word' id='word_1_389' title='bbox 798 3733 958 3800; x_wconf 83' lang='lat' dir='ltr'><strong>corruptela.</strong></span> <span class='ocrx_word' id='word_1_390' title='bbox 993 3729 1056 3780; x_wconf 82' lang='lat' dir='ltr'><strong>Ali-</strong></span> 
     </span>
    </p>
   </div>
   <div class='ocr_carea' id='block_1_8' title="bbox 607 3807 718 3882">
    <p class='ocr_par' dir='ltr' id='par_1_12' title="bbox 607 3807 718 3882">
     <span class='ocr_line' id='line_1_47' title="bbox 607 3807 718 3882; baseline -0.063 -1"><span class='ocrx_word' id='word_1_391' title='bbox 607 3807 718 3882; x_wconf 72' lang='lat' dir='ltr'><strong>Ceo</strong></span> 
     </span>
    </p>
   </div>
   <div class='ocr_carea' id='block_1_9' title="bbox 0 0 1281 4388">
    <p class='ocr_par' dir='ltr' id='par_1_13' title="bbox 0 0 1281 4388">
     <span class='ocr_line' id='line_1_48' title="bbox 0 0 1281 4388; baseline 0 0"><span class='ocrx_word' id='word_1_392' title='bbox 0 0 1281 4388; x_wconf 95' lang='lat' dir='ltr'><strong> </strong></span> 
     </span>
    </p>
   </div>
  </div>
 </body>
</html>
