<?xml version="1.0" encoding="UTF-8"?>
<!DOCTYPE html PUBLIC "-//W3C//DTD XHTML 1.0 Transitional//EN"
    "http://www.w3.org/TR/xhtml1/DTD/xhtml1-transitional.dtd">
<html xmlns="http://www.w3.org/1999/xhtml" xml:lang="en" lang="en">
 <head>
  <title>
</title>
<meta http-equiv="Content-Type" content="text/html;charset=utf-8" />
  <meta name='ocr-system' content='tesseract 3.04.00' />
  <meta name='ocr-capabilities' content='ocr_page ocr_carea ocr_par ocr_line ocrx_word'/>
</head>
<body>
  <div class='ocr_page' id='page_1' title='image "./gregoriicorinth00greggoog_0018.png"; bbox 0 0 3494 4604; ppageno 0'>
   <div class='ocr_carea' id='block_1_1' title="bbox 463 288 1162 377">
    <p class='ocr_par' dir='ltr' id='par_1_1' title="bbox 463 288 1162 377">
     <span class='ocr_line' id='line_1_1' title="bbox 463 288 1162 377; baseline -0.01 0"><span class='ocrx_word' id='word_1_1' title='bbox 463 326 561 377; x_wconf 81' lang='lat' dir='ltr'><strong>xvnr</strong></span> <span class='ocrx_word' id='word_1_2' title='bbox 820 288 1162 369; x_wconf 85' lang='lat' dir='ltr'><strong>PRAEFATIO</strong></span> 
     </span>
    </p>
   </div>
   <div class='ocr_carea' id='block_1_2' title="bbox 455 479 1467 862">
    <p class='ocr_par' dir='ltr' id='par_1_2' title="bbox 455 479 1467 862">
     <span class='ocr_line' id='line_1_2' title="bbox 455 479 1463 579; baseline 0.006 -18"><span class='ocrx_word' id='word_1_3' title='bbox 455 486 497 561; x_wconf 89' lang='lat' dir='ltr'><strong>B.</strong></span> <span class='ocrx_word' id='word_1_4' title='bbox 516 485 562 558; x_wconf 90' lang='lat' dir='ltr'><strong>G.</strong></span> <span class='ocrx_word' id='word_1_5' title='bbox 582 481 686 558; x_wconf 71' lang='lat' dir='ltr'><strong>Tom.¹</strong></span> <span class='ocrx_word' id='word_1_6' title='bbox 704 481 753 558; x_wconf 92' lang='lat' dir='ltr'><strong>X.</strong></span> <span class='ocrx_word' id='word_1_7' title='bbox 776 505 853 579; x_wconf 82' lang='lat' dir='ltr'><strong>pag.</strong></span> <span class='ocrx_word' id='word_1_8' title='bbox 873 479 932 548; x_wconf 77' lang='lat'><strong>44.</strong></span> <span class='ocrx_word' id='word_1_9' title='bbox 952 479 1270 578; x_wconf 79' lang='lat' dir='ltr'><strong>compendisuotnm</strong></span> <span class='ocrx_word' id='word_1_10' title='bbox 1287 491 1463 565; x_wconf 85' lang='lat' dir='ltr'><strong>scribendi</strong></span> 
     </span>
     <span class='ocr_line' id='line_1_3' title="bbox 456 595 1465 712; baseline 0.006 -16"><span class='ocrx_word' id='word_1_11' title='bbox 456 595 630 696; x_wconf 78' lang='lat' dir='ltr'><strong>rationem</strong></span> <span class='ocrx_word' id='word_1_12' title='bbox 650 643 805 692; x_wconf 83' lang='lat' dir='ltr'><strong>caussam</strong></span> <span class='ocrx_word' id='word_1_13' title='bbox 820 612 945 706; x_wconf 81' lang='lat' dir='ltr'><strong>luisse,</strong></span> <span class='ocrx_word' id='word_1_14' title='bbox 971 640 1035 685; x_wconf 88' lang='lat' dir='ltr'><strong>our</strong></span> <span class='ocrx_word' id='word_1_15' title='bbox 1053 641 1120 712; x_wconf 91' lang='lat' dir='ltr'><strong>pro</strong></span> <span class='ocrx_word' id='word_1_16' title='bbox 1139 619 1339 700; x_wconf 83' lang='lat' dir='ltr'>Philoxeno</span> <span class='ocrx_word' id='word_1_17' title='bbox 1358 627 1465 702; x_wconf 91' lang='lat' dir='ltr'><strong>Philo</strong></span> 
     </span>
     <span class='ocr_line' id='line_1_4' title="bbox 461 747 1467 862; baseline 0.005 -31"><span class='ocrx_word' id='word_1_18' title='bbox 461 756 680 832; x_wconf 80' lang='lat' dir='ltr'>laudaretur:</span> <span class='ocrx_word' id='word_1_19' title='bbox 705 749 836 826; x_wconf 80' lang='lat' dir='ltr'><strong>etenim</strong></span> <span class='ocrx_word' id='word_1_20' title='bbox 866 747 1139 825; x_wconf 82' lang='lat' dir='ltr'><strong>obseruauernrn</strong></span> <span class='ocrx_word' id='word_1_21' title='bbox 1164 754 1201 829; x_wconf 92' lang='lat' dir='ltr'><strong>in</strong></span> <span class='ocrx_word' id='word_1_22' title='bbox 1217 758 1467 862; x_wconf 71' lang='lat' dir='ltr'><strong>Etymologico</strong></span> 
     </span>
    </p>
   </div>
   <div class='ocr_carea' id='block_1_3' title="bbox 364 879 1518 3828">
    <p class='ocr_par' dir='ltr' id='par_1_3' title="bbox 364 879 1518 3828">
     <span class='ocr_line' id='line_1_5' title="bbox 458 879 1464 992; baseline 0.003 -24"><span class='ocrx_word' id='word_1_23' title='bbox 458 891 626 968; x_wconf 81' lang='lat' dir='ltr'><strong>Leidensi</strong></span> <span class='ocrx_word' id='word_1_24' title='bbox 649 885 725 962; x_wconf 89' lang='lat' dir='ltr'><strong>MS.</strong></span> <span class='ocrx_word' id='word_1_25' title='bbox 750 912 882 959; x_wconf 88' lang='lat' dir='ltr'><strong>nomeu</strong></span> <span class='ocrx_word' id='word_1_26' title='bbox 911 879 1121 975; x_wconf 76' lang='grc' dir='ltr'><strong><em>Φιλόξενος</em></strong></span> <span class='ocrx_word' id='word_1_27' title='bbox 1144 918 1220 991; x_wconf 83' lang='lat' dir='ltr'><strong>pag.</strong></span> <span class='ocrx_word' id='word_1_28' title='bbox 1239 897 1302 990; x_wconf 84' lang='lat'><strong>15,</strong></span> <span class='ocrx_word' id='word_1_29' title='bbox 1324 901 1383 969; x_wconf 79' lang='lat'><strong>54.</strong></span> <span class='ocrx_word' id='word_1_30' title='bbox 1404 923 1464 992; x_wconf 73' lang='grc' dir='ltr'><strong>κο,</strong></span> 
     </span>
     <span class='ocr_line' id='line_1_6' title="bbox 460 1019 1466 1131; baseline 0.005 -29"><span class='ocrx_word' id='word_1_31' title='bbox 460 1033 518 1102; x_wconf 84' lang='grc'><strong>50.</strong></span> <span class='ocrx_word' id='word_1_32' title='bbox 540 1030 601 1119; x_wconf 82' lang='lat'><strong>45,</strong></span> <span class='ocrx_word' id='word_1_33' title='bbox 621 1030 677 1097; x_wconf 88' lang='lat'><strong>15.</strong></span> <span class='ocrx_word' id='word_1_34' title='bbox 697 1025 757 1115; x_wconf 85' lang='lat'><strong>65,</strong></span> <span class='ocrx_word' id='word_1_35' title='bbox 776 1022 835 1096; x_wconf 82' lang='lat'><strong>56.</strong></span> <span class='ocrx_word' id='word_1_36' title='bbox 859 1019 992 1118; x_wconf 83' lang='lat' dir='ltr'><strong>quibus</strong></span> <span class='ocrx_word' id='word_1_37' title='bbox 1006 1021 1045 1093; x_wconf 89' lang='lat' dir='ltr'><strong>in</strong></span> <span class='ocrx_word' id='word_1_38' title='bbox 1062 1023 1149 1098; x_wconf 89' lang='lat' dir='ltr'><strong>locis</strong></span> <span class='ocrx_word' id='word_1_39' title='bbox 1171 1027 1299 1102; x_wconf 83' lang='grc' dir='ltr'><strong><em>Φίλων</em></strong></span> <span class='ocrx_word' id='word_1_40' title='bbox 1314 1035 1466 1131; x_wconf 79' lang='lat' dir='ltr'><strong>praefert</strong></span> 
     </span>
     <span class='ocr_line' id='line_1_7' title="bbox 459 1153 1460 1266; baseline 0.001 -28"><span class='ocrx_word' id='word_1_41' title='bbox 459 1160 751 1266; x_wconf 68' lang='lat' dir='ltr'><strong>E&#39;tymologicum</strong></span> <span class='ocrx_word' id='word_1_42' title='bbox 774 1153 920 1228; x_wconf 88' lang='lat' dir='ltr'><strong>editum.</strong></span> <span class='ocrx_word' id='word_1_43' title='bbox 973 1154 1147 1234; x_wconf 83' lang='lat' dir='ltr'><strong>Similiter</strong></span> <span class='ocrx_word' id='word_1_44' title='bbox 1168 1189 1202 1260; x_wconf 89' lang='lat' dir='ltr'><strong>p.</strong></span> <span class='ocrx_word' id='word_1_45' title='bbox 1227 1166 1286 1257; x_wconf 82' lang='lat'><strong>60,</strong></span> <span class='ocrx_word' id='word_1_46' title='bbox 1310 1171 1365 1237; x_wconf 79' lang='lat'><strong>28.</strong></span> <span class='ocrx_word' id='word_1_47' title='bbox 1384 1166 1460 1239; x_wconf 88' lang='lat' dir='ltr'><strong>MS.</strong></span> 
     </span>
     <span class='ocr_line' id='line_1_8' title="bbox 374 1289 1467 1396; baseline -0.001 -23"><span class='ocrx_word' id='word_1_48' title='bbox 374 1303 377 1312; x_wconf 88' lang='grc'><strong><em>’</em></strong></span> <span class='ocrx_word' id='word_1_49' title='bbox 461 1296 595 1396; x_wconf 80' lang='lat' dir='ltr'><strong>Regius</strong></span> <span class='ocrx_word' id='word_1_50' title='bbox 609 1293 718 1368; x_wconf 87' lang='lat' dir='ltr'><strong>Paris.</strong></span> <span class='ocrx_word' id='word_1_51' title='bbox 738 1318 804 1393; x_wconf 90' lang='lat' dir='ltr'><strong>pro</strong></span> <span class='ocrx_word' id='word_1_52' title='bbox 824 1289 955 1364; x_wconf 87' lang='grc' dir='ltr'><strong><em>Φίλων</em></strong></span> <span class='ocrx_word' id='word_1_53' title='bbox 972 1291 1079 1369; x_wconf 77' lang='lat' dir='ltr'><strong>habet</strong></span> <span class='ocrx_word' id='word_1_54' title='bbox 1095 1293 1311 1384; x_wconf 78' lang='grc' dir='ltr'><strong><em>Φιλόξενος.</em></strong></span> <span class='ocrx_word' id='word_1_55' title='bbox 1360 1298 1467 1372; x_wconf 83' lang='lat' dir='ltr'><strong>Nune</strong></span> 
     </span>
     <span class='ocr_line' id='line_1_9' title="bbox 462 1426 1469 1530; baseline -0.003 -23"><span class='ocrx_word' id='word_1_56' title='bbox 462 1459 547 1512; x_wconf 85' lang='lat' dir='ltr'><strong>vero</strong></span> <span class='ocrx_word' id='word_1_57' title='bbox 565 1459 693 1530; x_wconf 85' lang='lat' dir='ltr'><strong>parum</strong></span> <span class='ocrx_word' id='word_1_58' title='bbox 715 1431 831 1522; x_wconf 85' lang='lat' dir='ltr'><strong>abest,</strong></span> <span class='ocrx_word' id='word_1_59' title='bbox 860 1426 1126 1528; x_wconf 70' lang='lat' dir='ltr'><strong>qainondam,</strong></span> <span class='ocrx_word' id='word_1_60' title='bbox 1152 1428 1295 1505; x_wconf 89' lang='lat' dir='ltr'><strong>duobus</strong></span> <span class='ocrx_word' id='word_1_61' title='bbox 1312 1433 1469 1506; x_wconf 89' lang='lat' dir='ltr'><strong>nomini-</strong></span> 
     </span>
     <span class='ocr_line' id='line_1_10' title="bbox 461 1563 1470 1666; baseline -0.004 -24"><span class='ocrx_word' id='word_1_62' title='bbox 461 1569 547 1660; x_wconf 87' lang='lat' dir='ltr'><strong>bus,</strong></span> <span class='ocrx_word' id='word_1_63' title='bbox 575 1563 615 1640; x_wconf 89' lang='lat' dir='ltr'><strong>id</strong></span> <span class='ocrx_word' id='word_1_64' title='bbox 644 1563 744 1666; x_wconf 92' lang='lat' dir='ltr'><strong>quod</strong></span> <span class='ocrx_word' id='word_1_65' title='bbox 769 1590 871 1662; x_wconf 83' lang='lat' dir='ltr'><strong>saepe</strong></span> <span class='ocrx_word' id='word_1_66' title='bbox 895 1591 959 1636; x_wconf 87' lang='lat' dir='ltr'><strong>vsu</strong></span> <span class='ocrx_word' id='word_1_67' title='bbox 982 1563 1116 1640; x_wconf 83' lang='lat' dir='ltr'><strong>venisse</strong></span> <span class='ocrx_word' id='word_1_68' title='bbox 1138 1587 1291 1661; x_wconf 83' lang='lat' dir='ltr'><strong>constat,</strong></span> <span class='ocrx_word' id='word_1_69' title='bbox 1319 1566 1470 1642; x_wconf 86' lang='lat' dir='ltr'><strong>eundem</strong></span> 
     </span>
     <span class='ocr_line' id='line_1_11' title="bbox 463 1699 1470 1796; baseline -0.003 -21"><span class='ocrx_word' id='word_1_70' title='bbox 463 1701 744 1776; x_wconf 85' lang='lat' dir='ltr'><strong>Grammaticum</strong></span> <span class='ocrx_word' id='word_1_71' title='bbox 762 1699 966 1772; x_wconf 83' lang='lat' dir='ltr'><strong>innotuisse.</strong></span> <span class='ocrx_word' id='word_1_72' title='bbox 1017 1699 1138 1793; x_wconf 75' lang='lat' dir='ltr'><strong>Certe,</strong></span> <span class='ocrx_word' id='word_1_73' title='bbox 1165 1701 1233 1796; x_wconf 81' lang='lat' dir='ltr'><strong>uisi</strong></span> <span class='ocrx_word' id='word_1_74' title='bbox 1251 1703 1470 1776; x_wconf 85' lang='lat' dir='ltr'><strong>binominem</strong></span> 
     </span>
     <span class='ocr_line' id='line_1_12' title="bbox 462 1832 1474 1927; baseline -0.001 -16"><span class='ocrx_word' id='word_1_75' title='bbox 462 1837 569 1912; x_wconf 82' lang='lat' dir='ltr'><strong>fuisse</strong></span> <span class='ocrx_word' id='word_1_76' title='bbox 589 1835 872 1910; x_wconf 84' lang='lat' dir='ltr'><strong>Grammaticum</strong></span> <span class='ocrx_word' id='word_1_77' title='bbox 896 1832 1083 1927; x_wconf 85' lang='lat' dir='ltr'><strong>conoedns,</strong></span> <span class='ocrx_word' id='word_1_78' title='bbox 1110 1837 1298 1909; x_wconf 89' lang='lat' dir='ltr'><strong>nominum</strong></span> <span class='ocrx_word' id='word_1_79' title='bbox 1314 1833 1474 1922; x_wconf 77' lang='grc' dir='ltr'><strong><em>Φιλόξε·</em></strong></span> 
     </span>
     <span class='ocr_line' id='line_1_13' title="bbox 462 1970 1471 2068; baseline -0.002 -22"><span class='ocrx_word' id='word_1_80' title='bbox 462 2000 528 2060; x_wconf 86' lang='grc' dir='ltr'><strong>νος</strong></span> <span class='ocrx_word' id='word_1_81' title='bbox 553 1995 587 2048; x_wconf 90' lang='lat' dir='ltr'><strong>et</strong></span> <span class='ocrx_word' id='word_1_82' title='bbox 605 1970 736 2046; x_wconf 82' lang='grc' dir='ltr'><strong><em>Φίλων</em></strong></span> <span class='ocrx_word' id='word_1_83' title='bbox 759 1971 938 2045; x_wconf 88' lang='lat' dir='ltr'><strong>sollemnis</strong></span> <span class='ocrx_word' id='word_1_84' title='bbox 955 1971 1168 2068; x_wconf 77' lang='lat' dir='ltr'><strong>permutatio</strong></span> <span class='ocrx_word' id='word_1_85' title='bbox 1193 1972 1298 2044; x_wconf 81' lang='lat' dir='ltr'><strong>etiam</strong></span> <span class='ocrx_word' id='word_1_86' title='bbox 1313 1971 1471 2064; x_wconf 86' lang='lat' dir='ltr'><strong>Suidam,</strong></span> 
     </span>
     <span class='ocr_line' id='line_1_14' title="bbox 464 2105 1474 2206; baseline -0.001 -24"><span class='ocrx_word' id='word_1_87' title='bbox 464 2109 576 2184; x_wconf 87' lang='lat' dir='ltr'><strong>libros</strong></span> <span class='ocrx_word' id='word_1_88' title='bbox 591 2111 674 2206; x_wconf 75' lang='lat' dir='ltr'><strong>tropi</strong></span> <span class='ocrx_word' id='word_1_89' title='bbox 687 2105 942 2202; x_wconf 77' lang='grc' dir='ltr'><strong><em>Ἑλληνισμοῦ</em></strong></span> <span class='ocrx_word' id='word_1_90' title='bbox 957 2105 1158 2180; x_wconf 84' lang='lat' dir='ltr'><strong>Philoxeno</strong></span> <span class='ocrx_word' id='word_1_91' title='bbox 1172 2106 1397 2202; x_wconf 82' lang='lat' dir='ltr'><strong>tribuentem,</strong></span> <span class='ocrx_word' id='word_1_92' title='bbox 1418 2111 1474 2182; x_wconf 88' lang='lat' dir='ltr'><strong>fo-</strong></span> 
     </span>
     <span class='ocr_line' id='line_1_15' title="bbox 466 2238 1472 2342; baseline 0 -24"><span class='ocrx_word' id='word_1_93' title='bbox 466 2245 605 2320; x_wconf 79' lang='lat' dir='ltr'><strong>fellerit.</strong></span> <span class='ocrx_word' id='word_1_94' title='bbox 658 2241 753 2316; x_wconf 85' lang='lat' dir='ltr'><strong>Nam</strong></span> <span class='ocrx_word' id='word_1_95' title='bbox 776 2243 929 2342; x_wconf 87' lang='lat' dir='ltr'><strong>Etymol.</strong></span> <span class='ocrx_word' id='word_1_96' title='bbox 952 2241 1039 2336; x_wconf 84' lang='lat' dir='ltr'><strong>Reg.</strong></span> <span class='ocrx_word' id='word_1_97' title='bbox 1065 2239 1143 2312; x_wconf 85' lang='lat' dir='ltr'><strong>MS.</strong></span> <span class='ocrx_word' id='word_1_98' title='bbox 1165 2241 1209 2313; x_wconf 88' lang='lat' dir='ltr'><strong>V.</strong></span> <span class='ocrx_word' id='word_1_99' title='bbox 1236 2238 1472 2332; x_wconf 80' lang='grc' dir='ltr'><strong><em>Ἀκόλοιστος.</em></strong></span> 
     </span>
     <span class='ocr_line' id='line_1_16' title="bbox 464 2369 1471 2478; baseline -0.003 -26"><span class='ocrx_word' id='word_1_100' title='bbox 464 2379 606 2476; x_wconf 77' lang='grc' dir='ltr'><strong><em>κυρίως</em></strong></span> <span class='ocrx_word' id='word_1_101' title='bbox 629 2375 653 2450; x_wconf 85' lang='grc' dir='ltr'><em>ὁ</em></span> <span class='ocrx_word' id='word_1_102' title='bbox 674 2369 922 2459; x_wconf 73' lang='grc' dir='ltr'><strong><em>ἀπαίδευτος,</em></strong></span> <span class='ocrx_word' id='word_1_103' title='bbox 947 2371 970 2445; x_wconf 86' lang='lat' dir='ltr'><strong>o‘</strong></span> <span class='ocrx_word' id='word_1_104' title='bbox 993 2369 1087 2467; x_wconf 80' lang='grc' dir='ltr'><strong><em>δίχα</em></strong></span> <span class='ocrx_word' id='word_1_105' title='bbox 1104 2370 1296 2468; x_wconf 78' lang='grc' dir='ltr'><em>διαγωγῆς</em></span> <span class='ocrx_word' id='word_1_106' title='bbox 1314 2379 1358 2478; x_wconf 87' lang='lat' dir='ltr'><strong>(l.</strong></span> <span class='ocrx_word' id='word_1_107' title='bbox 1377 2379 1471 2472; x_wconf 76' lang='grc' dir='ltr'><strong>ὁμή</strong></span> 
     </span>
     <span class='ocr_line' id='line_1_17' title="bbox 464 2503 1469 2612; baseline 0.006 -30"><span class='ocrx_word' id='word_1_108' title='bbox 464 2510 511 2608; x_wconf 85' lang='grc' dir='ltr'><strong>δ.)</strong></span> <span class='ocrx_word' id='word_1_109' title='bbox 531 2513 604 2582; x_wconf 81' lang='grc' dir='ltr'><strong>καὶ</strong></span> <span class='ocrx_word' id='word_1_110' title='bbox 624 2503 817 2593; x_wconf 76' lang='grc' dir='ltr'><strong><em>κολάσεως</em></strong></span> <span class='ocrx_word' id='word_1_111' title='bbox 834 2511 1047 2601; x_wconf 75' lang='grc' dir='ltr'><strong><em>τετυχηκώς</em></strong></span> <span class='ocrx_word' id='word_1_112' title='bbox 1065 2513 1122 2594; x_wconf 85' lang='grc' dir='ltr'><strong>τὶς</strong></span> <span class='ocrx_word' id='word_1_113' title='bbox 1139 2511 1201 2582; x_wconf 81' lang='grc' dir='ltr'><strong>ἐπὶ</strong></span> <span class='ocrx_word' id='word_1_114' title='bbox 1218 2510 1408 2588; x_wconf 73' lang='grc' dir='ltr'><strong><em>παιδείων.</em></strong></span> <span class='ocrx_word' id='word_1_115' title='bbox 1427 2518 1469 2612; x_wconf 84' lang='lat' dir='ltr'><strong>(l.</strong></span> 
     </span>
     <span class='ocr_line' id='line_1_18' title="bbox 464 2635 1470 2746; baseline 0.005 -27"><span class='ocrx_word' id='word_1_116' title='bbox 464 2640 637 2720; x_wconf 77' lang='grc' dir='ltr'><strong><em>τουτέστι</em></strong></span> <span class='ocrx_word' id='word_1_117' title='bbox 658 2639 859 2740; x_wconf 80' lang='grc' dir='ltr'><strong><em>παιδείας.)</em></strong></span> <span class='ocrx_word' id='word_1_118' title='bbox 883 2635 987 2714; x_wconf 70' lang='grc' dir='ltr'><strong>οὕτω</strong></span> <span class='ocrx_word' id='word_1_119' title='bbox 1010 2640 1142 2718; x_wconf 88' lang='grc' dir='ltr'><strong><em>Φίλων</em></strong></span> <span class='ocrx_word' id='word_1_120' title='bbox 1162 2645 1205 2717; x_wconf 80' lang='grc' dir='ltr'><strong>ἑν</strong></span> <span class='ocrx_word' id='word_1_121' title='bbox 1223 2647 1273 2745; x_wconf 73' lang='grc' dir='ltr'><strong>τῷ</strong></span> <span class='ocrx_word' id='word_1_122' title='bbox 1299 2654 1382 2746; x_wconf 71' lang='grc' dir='ltr'><strong>περὶ</strong></span> <span class='ocrx_word' id='word_1_123' title='bbox 1400 2651 1470 2723; x_wconf 68' lang='lat' dir='ltr'><strong>‘ffl-</strong></span> 
     </span>
     <span class='ocr_line' id='line_1_19' title="bbox 468 2776 1471 2877; baseline 0.004 -23"><span class='ocrx_word' id='word_1_124' title='bbox 468 2778 669 2874; x_wconf 79' lang='grc' dir='ltr'><strong><em>ληνισμοῦ.</em></strong></span> <span class='ocrx_word' id='word_1_125' title='bbox 688 2779 749 2854; x_wconf 92' lang='lat' dir='ltr'><strong>vbi</strong></span> <span class='ocrx_word' id='word_1_126' title='bbox 777 2806 851 2877; x_wconf 92' lang='lat' dir='ltr'><strong>quo</strong></span> <span class='ocrx_word' id='word_1_127' title='bbox 874 2779 994 2852; x_wconf 91' lang='lat' dir='ltr'><strong>minus</strong></span> <span class='ocrx_word' id='word_1_128' title='bbox 1017 2776 1136 2852; x_wconf 87' lang='lat' dir='ltr'><strong>denuo</strong></span> <span class='ocrx_word' id='word_1_129' title='bbox 1156 2777 1366 2870; x_wconf 80' lang='grc' dir='ltr'><strong><em>Φιλόξενος</em></strong></span> <span class='ocrx_word' id='word_1_130' title='bbox 1383 2788 1471 2857; x_wconf 88' lang='lat' dir='ltr'><strong>sub-</strong></span> 
     </span>
     <span class='ocr_line' id='line_1_20' title="bbox 364 2911 1469 3022; baseline 0.004 -34"><span class='ocrx_word' id='word_1_131' title='bbox 364 2999 368 3006; x_wconf 48' lang='grc'><em>,</em></span> <span class='ocrx_word' id='word_1_132' title='bbox 468 2913 666 2990; x_wconf 87' lang='lat' dir='ltr'><strong>stituen&#39;dus</strong></span> <span class='ocrx_word' id='word_1_133' title='bbox 680 2911 852 3008; x_wconf 78' lang='lat' dir='ltr'><strong>videatur,</strong></span> <span class='ocrx_word' id='word_1_134' title='bbox 866 2935 960 2988; x_wconf 85' lang='lat' dir='ltr'><strong>vetat</strong></span> <span class='ocrx_word' id='word_1_135' title='bbox 975 2912 1090 2987; x_wconf 91' lang='lat' dir='ltr'><strong>Orion</strong></span> <span class='ocrx_word' id='word_1_136' title='bbox 1106 2914 1298 2990; x_wconf 82' lang='lat' dir='ltr'><strong>Thebanus</strong></span> <span class='ocrx_word' id='word_1_137' title='bbox 1316 2919 1469 3022; x_wconf 88' lang='lat' dir='ltr'><strong>Etymol.</strong></span> 
     </span>
     <span class='ocr_line' id='line_1_21' title="bbox 465 3046 1472 3152; baseline 0.005 -28"><span class='ocrx_word' id='word_1_138' title='bbox 465 3050 544 3124; x_wconf 88' lang='lat' dir='ltr'><strong>MS.</strong></span> <span class='ocrx_word' id='word_1_139' title='bbox 561 3051 608 3124; x_wconf 82' lang='lat' dir='ltr'><strong>V.</strong></span> <span class='ocrx_word' id='word_1_140' title='bbox 627 3046 796 3146; x_wconf 79' lang='grc' dir='ltr'><strong><em>Κρούειν</em></strong></span> <span class='ocrx_word' id='word_1_141' title='bbox 819 3047 961 3148; x_wconf 81' lang='grc' dir='ltr'><strong><em>κυρίως</em></strong></span> <span class='ocrx_word' id='word_1_142' title='bbox 982 3051 1045 3122; x_wconf 79' lang='grc' dir='ltr'><strong>ἐπὶ</strong></span> <span class='ocrx_word' id='word_1_143' title='bbox 1070 3049 1143 3122; x_wconf 79' lang='grc' dir='ltr'><strong>τῶν</strong></span> <span class='ocrx_word' id='word_1_144' title='bbox 1160 3052 1472 3152; x_wconf 81' lang='grc' dir='ltr'><strong><em>κερατοφοροιίν-</em></strong></span> 
     </span>
     <span class='ocr_line' id='line_1_22' title="bbox 468 3175 1471 3286; baseline 0.008 -32"><span class='ocrx_word' id='word_1_145' title='bbox 468 3205 561 3254; x_wconf 75' lang='grc' dir='ltr'><strong><em>των·</em></strong></span> <span class='ocrx_word' id='word_1_146' title='bbox 584 3182 782 3280; x_wconf 82' lang='grc' dir='ltr'><strong><em>κυρίττειν</em></strong></span> <span class='ocrx_word' id='word_1_147' title='bbox 806 3175 882 3282; x_wconf 72' lang='grc' dir='ltr'><strong>γάρ</strong></span> <span class='ocrx_word' id='word_1_148' title='bbox 904 3187 984 3258; x_wconf 81' lang='grc' dir='ltr'><strong><em>ἐστι</em></strong></span> <span class='ocrx_word' id='word_1_149' title='bbox 999 3188 1043 3257; x_wconf 80' lang='grc' dir='ltr'><strong>τὸ</strong></span> <span class='ocrx_word' id='word_1_150' title='bbox 1060 3193 1139 3271; x_wconf 77' lang='grc' dir='ltr'><strong><em>τοῖς</em></strong></span> <span class='ocrx_word' id='word_1_151' title='bbox 1154 3181 1289 3283; x_wconf 80' lang='grc' dir='ltr'><strong><em>κέρασι</em></strong></span> <span class='ocrx_word' id='word_1_152' title='bbox 1302 3188 1471 3286; x_wconf 79' lang='grc' dir='ltr'><strong><em>κρούειν.</em></strong></span> 
     </span>
     <span class='ocr_line' id='line_1_23' title="bbox 467 3309 1471 3420; baseline 0.005 -28"><span class='ocrx_word' id='word_1_153' title='bbox 467 3309 569 3392; x_wconf 73' lang='grc' dir='ltr'><strong><em>οὕτω</em></strong></span> <span class='ocrx_word' id='word_1_154' title='bbox 590 3317 796 3412; x_wconf 87' lang='grc' dir='ltr'><strong><em>Φιλονίδης</em></strong></span> <span class='ocrx_word' id='word_1_155' title='bbox 813 3321 850 3418; x_wconf 86' lang='lat' dir='ltr'><strong>(l.</strong></span> <span class='ocrx_word' id='word_1_156' title='bbox 865 3313 1093 3416; x_wconf 83' lang='grc' dir='ltr'><strong><em>Φιλωνίδης)</em></strong></span> <span class='ocrx_word' id='word_1_157' title='bbox 1117 3322 1159 3392; x_wconf 77' lang='grc' dir='ltr'><strong>ἐν</strong></span> <span class='ocrx_word' id='word_1_158' title='bbox 1175 3321 1225 3420; x_wconf 77' lang='grc' dir='ltr'><strong>τῷ</strong></span> <span class='ocrx_word' id='word_1_159' title='bbox 1241 3327 1325 3419; x_wconf 81' lang='grc' dir='ltr'><strong><em>περὶ</em></strong></span> <span class='ocrx_word' id='word_1_160' title='bbox 1343 3323 1471 3415; x_wconf 86' lang='grc' dir='ltr'><strong><em>Ἑλλη-</em></strong></span> 
     </span>
     <span class='ocr_line' id='line_1_24' title="bbox 467 3451 1473 3546; baseline 0.006 -20"><span class='ocrx_word' id='word_1_161' title='bbox 467 3451 617 3546; x_wconf 76' lang='grc' dir='ltr'><strong><em>νισμοῦ.</em></strong></span> <span class='ocrx_word' id='word_1_162' title='bbox 644 3453 767 3530; x_wconf 79' lang='lat' dir='ltr'><strong>eadem</strong></span> <span class='ocrx_word' id='word_1_163' title='bbox 793 3456 890 3530; x_wconf 91' lang='lat' dir='ltr'><strong>enim</strong></span> <span class='ocrx_word' id='word_1_164' title='bbox 911 3479 993 3529; x_wconf 90' lang='lat' dir='ltr'><strong>sunt</strong></span> <span class='ocrx_word' id='word_1_165' title='bbox 1018 3455 1162 3529; x_wconf 82' lang='lat' dir='ltr'><strong>nomina</strong></span> <span class='ocrx_word' id='word_1_166' title='bbox 1192 3455 1324 3532; x_wconf 91' lang='grc' dir='ltr'><strong><em>Φίλων</em></strong></span> <span class='ocrx_word' id='word_1_167' title='bbox 1350 3482 1384 3534; x_wconf 89' lang='lat' dir='ltr'><strong>et</strong></span> <span class='ocrx_word' id='word_1_168' title='bbox 1402 3463 1473 3534; x_wconf 85' lang='grc' dir='ltr'><strong>Φι-</strong></span> 
     </span>
     <span class='ocr_line' id='line_1_25' title="bbox 467 3583 1509 3693; baseline 0.002 -33"><span class='ocrx_word' id='word_1_169' title='bbox 467 3583 644 3678; x_wconf 81' lang='grc' dir='ltr'><strong><em>λωνίδης,</em></strong></span> <span class='ocrx_word' id='word_1_170' title='bbox 668 3590 782 3663; x_wconf 80' lang='lat' dir='ltr'><strong>forma</strong></span> <span class='ocrx_word' id='word_1_171' title='bbox 804 3590 959 3689; x_wconf 87' lang='lat' dir='ltr'><strong>duplici:</strong></span> <span class='ocrx_word' id='word_1_172' title='bbox 986 3589 1057 3668; x_wconf 79' lang='lat' dir='ltr'><strong>vid.</strong></span> <span class='ocrx_word' id='word_1_173' title='bbox 1073 3591 1248 3690; x_wconf 83' lang='lat' dir='ltr'><strong>adscripta</strong></span> <span class='ocrx_word' id='word_1_174' title='bbox 1262 3593 1307 3666; x_wconf 81' lang='lat' dir='ltr'><strong>ad</strong></span> <span class='ocrx_word' id='word_1_175' title='bbox 1328 3595 1471 3693; x_wconf 83' lang='lat' dir='ltr'><strong>Grego-</strong></span> <span class='ocrx_word' id='word_1_176' title='bbox 1504 3649 1509 3662; x_wconf 90' lang='lat'><strong>.</strong></span> 
     </span>
     <span class='ocr_line' id='line_1_26' title="bbox 469 3719 1518 3828; baseline 0.01 -34"><span class='ocrx_word' id='word_1_177' title='bbox 469 3719 562 3794; x_wconf 90' lang='lat' dir='ltr'><strong>rium</strong></span> <span class='ocrx_word' id='word_1_178' title='bbox 584 3720 632 3796; x_wconf 86' lang='lat' dir='ltr'><strong>de</strong></span> <span class='ocrx_word' id='word_1_179' title='bbox 651 3723 817 3799; x_wconf 81' lang='lat' dir='ltr'><strong>Dialectis</strong></span> <span class='ocrx_word' id='word_1_180' title='bbox 843 3754 877 3825; x_wconf 88' lang='lat' dir='ltr'><strong>p.</strong></span> <span class='ocrx_word' id='word_1_181' title='bbox 897 3730 977 3798; x_wconf 80' lang='lat'><strong>153.</strong></span> <span class='ocrx_word' id='word_1_182' title='bbox 997 3727 1049 3825; x_wconf 87' lang='lat' dir='ltr'><strong>[p.</strong></span> <span class='ocrx_word' id='word_1_183' title='bbox 1067 3751 1150 3820; x_wconf 76' lang='lat'><strong>290·</strong></span> <span class='ocrx_word' id='word_1_184' title='bbox 1175 3726 1228 3800; x_wconf 90' lang='lat' dir='ltr'><strong>ed.</strong></span> <span class='ocrx_word' id='word_1_185' title='bbox 1246 3728 1364 3828; x_wconf 90' lang='lat' dir='ltr'><strong>Lips.]</strong></span> <span class='ocrx_word' id='word_1_186' title='bbox 1398 3731 1471 3804; x_wconf 89' lang='lat' dir='ltr'><strong>Sed</strong></span> <span class='ocrx_word' id='word_1_187' title='bbox 1516 3733 1518 3750; x_wconf 91' lang='lat'>&#39;</span> 
     </span>
    </p>
   </div>
   <div class='ocr_carea' id='block_1_4' title="bbox 468 3855 1242 3954">
    <p class='ocr_par' dir='ltr' id='par_1_4' title="bbox 468 3855 1242 3954">
     <span class='ocr_line' id='line_1_27' title="bbox 468 3855 1242 3954; baseline 0.009 -27"><span class='ocrx_word' id='word_1_188' title='bbox 468 3855 571 3950; x_wconf 83' lang='lat' dir='ltr'><strong>illuc,</strong></span> <span class='ocrx_word' id='word_1_189' title='bbox 597 3855 690 3933; x_wconf 86' lang='lat' dir='ltr'><strong>vnde</strong></span> <span class='ocrx_word' id='word_1_190' title='bbox 704 3859 810 3954; x_wconf 85' lang='lat' dir='ltr'><strong>abiit,</strong></span> <span class='ocrx_word' id='word_1_191' title='bbox 836 3860 949 3934; x_wconf 84' lang='lat' dir='ltr'><strong>oratio</strong></span> <span class='ocrx_word' id='word_1_192' title='bbox 970 3861 1168 3936; x_wconf 81' lang='lat' dir='ltr'><strong>reuocanda</strong></span> <span class='ocrx_word' id='word_1_193' title='bbox 1182 3883 1242 3936; x_wconf 87' lang='lat' dir='ltr'><strong>est.</strong></span> 
     </span>
    </p>
   </div>
   <div class='ocr_carea' id='block_1_5' title="bbox 514 3993 1469 4102">
    <p class='ocr_par' dir='ltr' id='par_1_5' title="bbox 514 3993 1469 4102">
     <span class='ocr_line' id='line_1_28' title="bbox 514 3993 1469 4102; baseline 0.004 -34"><span class='ocrx_word' id='word_1_194' title='bbox 514 3993 611 4070; x_wconf 88' lang='lat' dir='ltr'><strong>Inter</strong></span> <span class='ocrx_word' id='word_1_195' title='bbox 620 3995 886 4092; x_wconf 80' lang='lat' dir='ltr'><strong>Grammaticos,</strong></span> <span class='ocrx_word' id='word_1_196' title='bbox 902 3995 966 4098; x_wconf 88' lang='lat' dir='ltr'><strong>qui</strong></span> <span class='ocrx_word' id='word_1_197' title='bbox 976 3993 1469 4102; x_wconf 70' lang='lat' dir='ltr'><strong>vniuersnsGraeoaelinguno</strong></span> 
     </span>
    </p>
   </div>
   <div class='ocr_carea' id='block_1_6' title="bbox 0 0 1773 4604">
    <p class='ocr_par' dir='ltr' id='par_1_6' title="bbox 0 0 1773 4604">
     <span class='ocr_line' id='line_1_29' title="bbox 0 0 1773 4604; baseline 0 0"><span class='ocrx_word' id='word_1_198' title='bbox 0 0 1773 4604; x_wconf 95' lang='lat' dir='ltr'><strong> </strong></span> 
     </span>
    </p>
   </div>
  </div>
 </body>
</html>
