3494 4604
464 303 520 352 sn
806 213 1147 344 rutsrnrro
1274 265 1280 280 ·
1358 243 1363 262 '

548 456 708 548 Koenii
724 474 862 560 notas,
872 451 1203 542 utilissimarum
1218 456 1367 568 plenas
1384 465 1464 550 ob·
1518 448 1524 496 ³

466 610 765 696 seruationum
783 619 1076 713 testantesque
1088 599 1317 690 alumnum
1334 605 1465 694 disci·
1518 597 1523 644 ³

465 749 1065 874 plinae'Hemsterhusianae,
1100 751 1283 865 integras
1310 773 1353 839 et
1378 755 1466 842 illi·
1518 747 1524 799 ³

467 907 590 993 batus
619 901 785 1013 repetii.
844 895 970 1026 Quae
996 896 1052 982 ad
1078 891 1235 982 calcem
1262 900 1466 987 editionis

461 1058 660 1142 Batauae
688 1043 899 1154 Addenda
923 1045 1150 1162 leguntur,
1179 1037 1228 1129 vt
1254 1045 1481 1133 lectorum

470 1164 772 1287 commoditati
794 1193 1109 1304 prospicerem,
1148 1192 1253 1302 ipsis
1277 1195 1360 1279 viri
1387 1195 1471 1279 do·

472 1343 655 1433 ctissimi
671 1341 786 1426 notis
804 1319 885 1424 suo
904 1337 1116 1452 quodque
1137 1340 1233 1446 loco
1252 1338 1431 1428 inserui.

554 1555 697 1645 Multo
727 1556 942 1639 maiorem
966 1535 1282 1642 Addendorum
1312 1585 1469 1643 nume-

387 1775 389 1778 ·
463 1685 574 1797 rum
596 1731 712 1792 noua
728 1720 844 1788 tenet
859 1699 1004 1787 editio.
1063 1700 1179 1788 Haec
1194 1703 1375 1789 lectores
1394 1734 1469 1789 ro-

472 1872 594 1972 gatos
608 1849 711 1938 volo
728 1867 776 1935 vt
792 1843 1017 1960 diligenter
1033 1849 1269 1936 consulant.
1317 1853 1472 1939 Insunt

473 2005 521 2090 in
538 1999 621 2088 illis
636 1995 844 2082 nonnulla
861 1989 949 2079 inei
966 1996 1167 2108 penoris;
1192 1996 1275 2082 alia
1291 2000 1471 2086 Godolr.

472 2145 739 2250 Hermanni,
769 2142 839 2228 cui
856 2139 1043 2255 singulas
1059 2144 1262 2254 Gregorii
1277 2146 1469 2262 plagulas

473 2293 641 2410 petenti
688 2289 897 2377 dederam
938 2287 1294 2400 perlustrandas;
1347 2294 1472 2409 longe

473 2441 667 2554 plurima
681 2435 836 2537 Bastii,
852 2431 1050 2547 quorum
1063 2465 1219 2550 magna
1233 2466 1332 2552 pars
1348 2441 1472 2530 eCo-

478 2587 649 2676 dicihus
668 2581 899 2695 depromta
917 2601 993 2669 est.

546 2774 613 2887 'In
656 2797 806 2918 locum
847 2799 984 2884 trium
1026 2771 1225 2887 Indicum
1269 2801 1472 2891 editionis

447 2925 749 3058 Koenianae,
780 2944 859 3058 qui
874 2948 1109 3032 vbcrrimis
1133 2966 1308 3033 nostrae
1334 2951 1472 3065 copiis

474 3125 636 3208 parum
650 3091 986 3206 responderent,
1009 3069 1160 3217 suffeci
1174 3097 1374 3210 quinque
1390 3130 1474 3184 no·

451 3271 579 3362 fros,
606 3241 757 3328 labore
772 3238 990 3326 conlectos
1005 3244 1348 3362 contentissimo,
1374 3275 1474 3332 eos-

476 3417 566 3502 que
596 3388 675 3493 ita,
724 3391 901 3504 opinor,
944 3387 1203 3503 locupletes,
1245 3411 1295 3508 vt
1325 3371 1485 3481 omnia.

473 3535 874 3624 Grammaticorum
889 3563 1022 3652 opera
1034 3539 1253 3626 similibus
1264 3541 1474 3628 instructa

472 3679 598 3768 facile
624 3701 765 3797 optes,
802 3685 1058 3798 passimque
1082 3706 1232 3773 auctos
1262 3689 1476 3776 obserua-

471 3829 670 3917 tionibus
686 3829 757 3918 vel
772 3831 909 3917 Basti'i
925 3833 996 3922 vel
1021 3833 1151 3941 meis,
1182 3835 1228 3920 in
1247 3861 1354 3952 quas
1373 3866 1472 3922 sero

467 3969 773 4066 incideramus.
