2498 4598
238 413 295 476 190
338 381 618 450 onsoousvs
640 381 701 447 us
722 334 966 445 ornnncro
989 381 1197 446 norici.

273 575 303 660 ς.
318 572 395 653 Vn.
426 570 472 640 Td
493 570 615 660 κιρνᾷν
638 558 719 641 τὸο
743 569 882 658 ἄρθρον
906 573 994 658 μεθ’
1017 553 1137 660 Ιἑτέρου
1152 597 1223 664 peu

231 691 384 772 viievroc,
404 689 523 776 ἤγουν,
541 677 604 756 “rot
622 663 691 771 dt}
715 687 774 756 τοῦ
796 668 825 765 d,
850 685 899 766 sic
921 663 949 756 ci
969 691 1063 774 μέγα
1084 695 1144 756 καὶ
1158 695 1210 758 uir

230 777 351 843 Ἰώνων
367 781 427 840 καὶ
444 779 509 842 τῶν
524 776 677 862 Δωριέων
692 775 795 842 ἐστίν.
818 773 861 850 ὥς
877 773 1082 860 Θεόκριτος·

277 861 403 948 (dripere
416 855 467 928 ὅδ’
481 859 527 938 oi}
540 861 686 938 Αἴτνας,
695 863 756 925 καὶ
772 859 917 946 Θὺροιος
934 856 996 924 ἅδε
1014 859 1203 950 operatu
1216 899 1236 955 .‘

995 996 1202 1018 m

233 1107 366 1183 λιλοίθω,
377 1119 523 1169 condens
536 1106 1013 1168 Grammaticomnrobseruetio
1027 1119 1086 1183 est,
1109 1131 1206 1172 πεποι-
1237 1131 1243 1146 ·’

231 1193 573 1271 circummanentium,
596 1215 615 1252 a
633 1195 792 1270 πεποίηκα
809 1193 991 1252 formatum.
1038 1194 1076 1251 In
1097 1193 1207 1258 ὃιὸοἰκο

232 1297 308 1336 vera
329 1279 410 1336 ratio
435 1275 586 1338 Nostrum
605 1277 701 1336 latuit
719 1277 750 1360 §.
772 1273 967 1340 CXXXVIII.
1006 1275 1132 1336 Similis
1153 1289 1210 1338 sunt
1247 1355 1248 1358 Ἴ

234 1364 392 1436 πεποίθω,
412 1359 576 1434 centres,
599 1359 741 1440 πεφύκὼ,
762 1357 932 1421 Theocrito
947 1371 1103 1442 usurpata
1116 1353 1210 1424 titt.

235 1449 286 1506 28.
308 1445 345 1504 X.
373 1469 398 1509 1·
419 1445 470 1506 XI.
491 1467 516 1508 1.
541 1446 650 1526 quibus
668 1445 762 1525 plura
780 1451 843 1503 non
867 1443 987 1504 addam.
1031 1448 1210 1526 Attigernnt,

231 1539 360 1612 praeter·
376 1540 506 1604 ceteros,
523 1529 666 1610 Sylburg.
684 1529 724 1590 sd
743 1525 889 1588 Clenardi
906 1528 978 1589 luet
993 1549 1025 1607 p.
1047 1529 1121 1590 353.
1140 1533 1210 1591 etls.

233 1614 358 1674 Vossius
373 1611 406 1670 in
419 1607 534 1672 Melam
550 1614 572 1674 1.
586 1617 614 1674 8.
657 1614 693 1672 In
712 1611 832 1692 Lysidis
854 1611 1016 1672 Tarentini
1032 1613 1073 1672 cd
1086 1611 1213 1694 Hippar-

231 1689 329 1756 chum
341 1695 478 1780 Epistola
492 1697 575 1778 opud
586 1693 745 1756 Iamblich.
769 1694 807 1755 de
828 1691 864 1756 V.
884 1689 975 1778 Pyth.
995 1718 1026 1776 p.
1041 1697 1094 1772 65,
1108 1699 1138 1762 5.
1160 1705 1213 1772 ἑξε-

230 1779 421 1864 βλοέστησαν
442 1780 561 1840 editur:
592 1776 878 1865 ἐκβεβλασιοὶκοιιι
900 1781 1054 1860 produxit
1080 1781 1126 1842 cl.
1146 1781 1213 1842 Vel·

231 1863 414 1924 ckenaerius
427 1861 524 1945 Epist.
539 1865 579 1926 ed
591 1863 723 1925 Roever.
738 1885 768 1944 p.
784 1859 861 1925 'see
877 1855 951 1924 Cod.
968 1862 990 1926 F
993 1885 1214 1944 ronequerrno,

231 1969 366 2027 quocum
382 1949 416 2008 in
429 1951 560 2010 eandem
573 1939 743 2009 lectionem
758 1949 913 2030 egregium
937 1947 1098 2027 conspirat
1110 1951 1214 2029 optimi

231 2032 307 2092 cod.
329 2031 464 2092 Cizensis
489 2031 626 2093 collatio.
653 2033 752 2093 Kone.
794 2031 846 2092 Sic
868 2033 970 2092 editur
993 2031 1082 2114 Lysis
1097 2055 1131 2113 p.
1152 2035 1211 2111 738.

231 2114 347 2196 Opnsc.
370 2115 457 2176 Get:
479 2117 535 2185 τοῖς
551 2121 612 2202 μὲν
625 2110 682 2180 οὖν
700 2115 860 2200 ἀκρασίας
883 2115 1115 2200 ἑξεβλάστησαν
1139 2119 1211 2180 cide-

230 2223 308 2283 σμοι
324 2205 381 2263 καὶ
393 2203 497 2284 μέθαι
507 2211 563 2264 καὶ
580 2207 707 2282 φθοραὶ
720 2209 776 2262 καὶ
789 2199 881 2282 stupui
896 2199 994 2280 φύσιν
1005 2201 1131 2288 ἡδονμί.
1159 2199 1211 2262 Co-

229 2286 291 2344 dex
305 2285 461 2345 Parisinus
485 2287 574 2347 1038.
598 2287 673 2366 legit
693 2284 943 2368 ἐξιβλάστασαν,
963 2294 994 2344 et
1012 2277 1057 2346 ὦν
1079 2307 1139 2366 pro
1151 2278 1210 2360 οὖν,

229 2379 261 2428 et
275 2367 394 2430 ἁδοναί
406 2387 466 2447 pro
479 2368 594 2444 ἡδοναί
602 2395 612 2429 .·
632 2369 803 2447 inseritque
809 2370 926 2448 optime
938 2367 1040 2453 γάμοι
1050 2378 1127 2449 post
1137 2369 1211 2432 cide·

229 2473 314 2534 σμοι.
358 2451 466 2513 lnueni
477 2472 600 2532 quoque
618 2451 759 2537 ἄθεσμοι
773 2452 874 2537 γάμοι
888 2463 919 2514 et
934 2451 1055 2516 uiderat
1065 2453 1100 2512 in
1122 2453 1209 2514 Codi-

229 2538 367 2597 ce1810.
386 2533 525 2596 Bosssort.

269 2617 323 2698 64)
346 2617 482 2697 Θύρσιος
494 2615 550 2684 ἅδε
562 2619 587 2682 οἵ
601 2619 714 2704 porci]
756 2617 793 2682 In
800 2621 971 2684 Theocrito
985 2621 1052 2682 Eid.
1067 2618 1089 2682 1.
1104 2643 1148 2683 vs.
1164 2620 1207 2682 65.

226 2711 274 2761 est
291 2701 446 2787 Θύρσιδος
462 2702 542 2766 οἱδέα
558 2704 660 2783 porci.
702 2707 808 2768 Primo
832 2708 978 2790 Θύρσιος,
998 2717 1035 2767 vt
1046 2706 1101 2766 hic
1117 2707 1207 2782 Voss,

224 2805 361 2866 proquo
380 2785 505 2870 Θύρσεω
519 2785 622 2870 Regg.,
643 2810 660 2848 e
684 2785 820 2852 dialecto
845 2793 979 2874 positum
996 2791 1098 2852 videri
1111 2802 1207 2870 quest,

225 2869 263 2928 de
278 2889 338 2950 qus
351 2870 435 2930 infru
450 2869 480 2953 ς.
497 2870 599 2932 CXXI.
655 2875 773 2934 Deinde
786 2877 894 2936 Nostri
913 2871 967 2938 dide
982 2875 1006 2939 οἱ
1019 2873 1114 2954 porci
1128 2875 1208 2936 ducit

224 2952 264 3012 sd
285 2947 333 3016 dd
354 2953 377 3016 οἱ
396 2955 501 3033 porci,
522 2957 615 3035 quod,
636 2955 761 3019 Heinsio
783 2961 959 3040 probatum,
980 2959 1141 3018 indecem
1160 2959 1208 3018 in-

224 3037 326 3100 veniri
342 3035 438 3098 Codd.
455 3039 575 3101 monuit
587 3041 633 3101 Cl.
649 3040 842 3114 D’Qruillius
856 3042 890 3103 in
907 3044 1024 3106 Char-it.
1045 3065 1079 3123 p.
1096 3044 1125 3101 [ι.
1149 3043 1207 3104 Ee-

224 3121 326 3202 sychii
335 3115 400 3185 'At’
424 3119 528 3204 αὔρα,
550 3121 632 3200 αὕτη
653 3125 675 3201 ἡ
696 3125 791 3204 πνοή,
816 3139 848 3188 vt
868 3127 1091 3199 scribendum,
1114 3137 1207 3187 estex

224 3203 382 3288 Euripidis
403 3207 506 3268 Choro
524 3209 558 3268 in
580 3205 711 3290 Hippoi.
728 3233 775 3273 vs.
794 3213 864 3279 165.
884 3249 925 3261 -
945 3212 982 3272 In
998 3211 1099 3292 prior.
1125 3211 1208 3270 editt.

224 3287 277 3348 hic
299 3291 450 3352 articulus
472 3292 613 3372 sequenti
632 3297 841 3376 postponitur.
866 3293 965 3358 Korn.
1010 3293 1085 3356 cod.
1097 3291 1130 3353 A.
1154 3299 1209 3356 καὶ

224 3370 347 3454 θύρσεω
367 3375 448 3438 sidia
469 3377 571 3455 φωνά.
614 3377 686 3439 cod.
707 3377 740 3440 Β.
771 3387 829 3443 καὶ
851 3379 967 3460 θύρσιο
994 3373 1092 3443 drisci
1118 3376 1209 3458 ‹povci

223 3457 305 3540 (sic).
348 3457 428 3518 Ante
438 3464 531 3524 umbo
544 3461 624 3546 μειοῖ
638 3467 742 3546 ἑτέρου
755 3487 792 3544 φ.
836 3455 971 3526 cudda.
989 3465 1018 3524 b.
1034 3475 1065 3523 et
1080 3463 1209 3522 ceriam

221 3555 302 3640 μειοῖ
321 3561 429 3640 ἑτέρου
443 3583 478 3640 φ.
523 3563 596 3623 Cod.
612 3587 639 3624 a.
655 3565 772 3636 omittit
783 3565 882 3626 verbs
894 3566 992 3648 ἤγουν
1006 3565 1063 3627 τοῦ
1078 3592 1101 3628 α
1117 3563 1138 3638 ἢ
1156 3561 1210 3626 τοῦ

221 3682 253 3724 ε.·
273 3667 341 3716 tum
360 3657 456 3721 habet
471 3660 544 3730 died
560 3663 746 3748 Θεόκριτοςε
764 3666 878 3726 deinde
901 3672 958 3728 καὶ
977 3663 1133 3748 θύρσιδος
1156 3659 1209 3726 dds

220 3750 259 3808 αἱ
273 3745 385 3839 φοι-ναί
395 3745 473 3825 (sic).
517 3745 654 3809 Bestiuse
675 3751 813 3827 „Vitium
826 3748 898 3810 inde
912 3759 1029 3823 natum,
1055 3751 1139 3831 quod
1152 3749 1209 3807 lit.

218 3854 303 3906 teres
316 3868 340 3906 α
352 3842 510 3906 interdum
524 3845 669 3907 hamulus
683 3851 840 3924 adhaeret,
862 3850 914 3930 qui
926 3849 1022 3911 facile
1033 3860 1139 3929 potest
1151 3869 1208 3930 pro

220 3928 371 4000 thuberi,
391 3927 536 4008 inprimis
546 3931 579 3988 in
594 3931 655 3992 fine
670 3937 860 3997 verborum:
892 3935 927 3994 V.
944 3936 970 3993 T
972 3935 1019 3994 ab.
1033 3953 1102 3994 cen.
1116 3935 1150 3992 in
1165 3933 1207 3992 E.

218 4013 333 4091 pistols
355 4011 471 4094 ¹Criticr
490 4014 528 4076 sd
548 4013 768 4080 Boiseonsdum
788 4024 832 4101 (v.
851 4017 933 4101 sind)
952 4039 1093 4100 quaeque
1115 4037 1208 4098 super
