3494 4604
427 373 466 421 tr
756 343 1100 418 PRAEFATIO

426 532 522 606 mine
546 529 618 604 hoc
641 525 686 603 de
707 526 878 602 Dialectis
905 517 1148 630 Opusculum,
1175 551 1247 603 non
1273 550 1436 604 oontem-

427 664 603 758 nendum,
622 661 768 736 laudant
785 663 1033 759 Cesauhonus,
1052 665 1261 760 Salmasius,
1280 665 1437 755 Fodsius,

430 799 664 904 Sylburgius,
691 799 866 894 Vrsinus,
901 799 1097 894 Kusterus,
1128 801 1280 902 aliique,
1313 799 1439 901 quiin

430 937 488 1009 his
505 935 620 1010 literis
636 935 808 1007 familiam
826 933 972 1009 ducunt.

507 1071 635 1170 Neque
656 1097 740 1147 vero
764 1069 979 1144 indubium
994 1072 1113 1146 vocari
1136 1092 1250 1172 potest
1273 1069 1443 1146 exstitisse

431 1207 520 1281 olim
545 1205 767 1304 complures,
806 1205 871 1308 qui
903 1204 1152 1280 CORINTHI
1177 1204 1264 1280 dicti
1290 1205 1442 1299 fuerint,

286 1411 290 1418 .
432 1342 577 1415 nomine
592 1339 701 1416 ducto
721 1369 742 1414 a
761 1342 988 1416 celeberrima
1004 1337 1161 1414 Achaiae
1181 1343 1286 1432 vrbe,
1313 1369 1444 1441 qnem-

434 1476 647 1572 admodum,
674 1497 713 1552 vt
729 1475 912 1552 simillimo
928 1475 1091 1574 exemplo
1107 1495 1195 1569 rtur,
1222 1505 1243 1550 a
1257 1476 1444 1578 Cerintho,

433 1613 568 1712 oppido
592 1615 727 1688 insulae
750 1614 932 1704 Euboeae,
961 1611 1138 1682 Cerintlrr'
1160 1633 1243 1686 sunt
1266 1613 1442 1712 appellati.

433 1749 490 1822 De
506 1747 687 1822 Cerinthis
704 1747 863 1824 videatur
872 1746 978 1824 Rich
997 1744 1180 1820 Bentleius
1197 1745 1243 1819 ad
1253 1747 1445 1820 Horatium

435 1885 596 1958 Sermou.
613 1883 649 1976 l,
671 1906 712 1978 2,
730 1887 787 1958 81.
815 1883 871 1956 De
884 1882 1093 1967 Marathe,
1114 1880 1343 1957 aPhoenices
1358 1885 1447 1958 vrbe

435 2018 648 2093 Marathone
667 2019 716 2092 ita
734 2039 881 2113 vocato,
919 2016 1023 2094 doeta
1045 2038 1097 2092 est
1121 2017 1199 2092 lani
1222 2015 1447 2092 Broulhusii

435 2154 636 2228 obseruatio
655 2153 701 2226 nd
716 2154 908 2228 Tibullum
925 2153 969 2228 L.
987 2151 1016 2226 l.
1035 2152 1133 2249 Eleg.
1151 2157 1185 2224 4.
1203 2179 1250 2226 vs·
1274 2158 1333 2226 81.

510 2290 564 2382 Is,
590 2317 699 2389 quem
714 2289 820 2386 paulo
835 2309 914 2360 ante
927 2285 1146 2378 memoratri,
1169 2286 1390 2385 Stephanus,
1408 2310 1448 2363 vt

436 2417 701 2516 demonstraret,
713 2421 872 2496 CORIN
873 2419 981 2494 THV
982 2419 1035 2511 M,
1044 2419 1346 2520 quemadmodum
1357 2424 1448 2498 alibi

370 2550 372 2562 ¹
438 2577 635 2632 oonstauter
648 2558 725 2657 ipse
738 2575 858 2650 vocat,
882 2581 1011 2630 nomen
1025 2554 1132 2630 fuisse
1147 2561 1321 2657 probum,
1339 2583 1448 2663 atque

438 2692 593 2793 antiquis
610 2712 834 2790 usurpatum,
860 2689 942 2762 setis
954 2687 1081 2764 habuit
1097 2692 1134 2767 in
1151 2695 1447 2792 praefatiuncula,

438 2825 821 2912 Animaduersionibus
836 2823 882 2899 ad
897 2825 1112 2902 Corinthum
1124 2829 1330 2927 praemissa,
1345 2855 1446 2930 p.19.

438 2961 485 3037 ad
509 2961 733 3037 notissimum
767 2961 1019 3061 prouerbium,
1060 2960 1083 3038 ὁ
1109 2965 1200 3049 Διὸς
1225 2959 1449 3060 Κόρινθος,

439 3123 644 3196 prouocare.
697 3095 768 3172 Sed
783 3098 886 3196 longe
903 3096 1008 3198 plura
1025 3097 1214 3199 minusque
1235 3097 1347 3174 dubia
1369 3101 1447 3177 eius

439 3230 491 3305 rei
509 3231 719 3308 documenta
735 3254 931 3332 supersunt.

512 3364 656 3441 Nomen
682 3369 789 3442 fuisse
809 3367 921 3444 seruis
936 3368 1087 3444 maxime
1107 3367 1185 3442 indi
1199 3367 1368 3464 solitum,
1392 3369 1448 3467 (vt

438 3500 618 3576 fabulosos
632 3502 716 3577 illos
731 3502 828 3577 vrbis
842 3504 1009 3580 Corinthi
1023 3503 1234 3596 conditores,
1252 3502 1297 3578 de
1311 3504 1448 3605 quibus

439 3633 599 3710 Isidorus
610 3634 709 3734 Orig.
723 3635 766 3710 L.
778 3637 863 3710 XV.
883 3639 968 3740 Cap.
982 3666 1013 3712 r.
1028 3638 1156 3716 Suidas
1169 3659 1203 3712 et
1216 3639 1447 3740 Etymologus

441 3769 493 3845 Μ.
520 3769 706 3872 splendide
728 3773 957 3868 mentiuntur,
984 3776 1138 3872 itemque
1161 3773 1269 3846 alium
1285 3773 1447 3872 Apollo-

357 3901 368 3924 *
442 3905 523 3980 dori
538 3905 575 3980 in
593 3903 949 4008 untiou.L.111.p.
971 3911 1054 3982 258.
1069 3907 1192 3982 missos
1208 3906 1369 4006 faciam)
1388 3912 1446 3986 vel

299 4089 307 4102 ·
445 4039 576 4139 lapides
591 4035 721 4118 literati
734 4038 871 4117 docent.
