2544 4320
33 263 423 332 counturn'tlo
452 254 899 320 rutnuouttnrtttcn.
944 258 1019 352 793¹

33 436 167 504 fluisse
182 453 263 498 cum
277 453 359 496 voce
380 439 551 517 sequente,
566 425 656 490 vnde
673 434 752 492 note
767 422 837 488 sint
852 435 1008 492 monstro

33 518 266 586 cabalorum.
303 517 333 580 E
347 515 518 582 contrario
535 533 782 596 nonnunquam
798 509 1009 578 scribebatur

36 608 79 670 τὶ
99 606 173 686 τοῦ,
196 603 255 667 vbi
269 601 383 666 solum
400 600 477 666 α’ντὶ
496 597 599 662 scribi
611 595 802 682 oportebat.
824 618 854 660 v.
869 595 951 660 ibid.
975 619 1014 684 P·.

33 735 47 750 „
102 686 255 754 Gruecus¹
270 687 395 768 lector,
431 683 566 768 linguae
592 704 670 744 suae
686 678 766 742 satis
790 679 939 768 peritus,
961 704 1011 747 so·

32 795 98 840 em
129 771 294 836 orationis
329 767 508 835 attendens
538 787 672 852 semper
700 761 801 828 focile
835 763 1011 854 intelligit,

299 875 315 906 ἴ

32 927 255 1016 ιωροοάἰοιο
272 945 315 987 αν
333 920 445 988 volent
459 915 537 984 α’ντὶ
552 939 594 984 nn
605 917 682 982 duri
700 918 770 982 τοῦ.
812 917 923 985 Simili
939 943 1013 986 mo.

32 1034 77 1094 o,
98 1013 119 1078 i.
132 1035 160 1078 e.
174 1009 249 1076 nolo
264 1007 296 1072 T
298 1029 338 1072 ou
354 1002 602 1092 superscripto,
633 1001 796 1067 articulus
814 1005 919 1070 etium
933 1007 1010 1072 aliis

32 1109 147 1161 xnctus
170 1087 688 1182 praepositionibus·indicatur.
739 1084 831 1152 Vide
857 1088 950 1156 inlrn
975 1092 1012 1156 iu

37 1181 92 1255 ed,
112 1181 146 1266 ἐν
159 1181 206 1269 τῷ
225 1190 256 1244 et
268 1175 360 1263 παρὰ
383 1173 442 1255 τό,
462 1172 522 1240 vbi
542 1171 583 1238 τό
595 1170 739 1260 perinde
756 1171 847 1237 haud
860 1196 940 1240 raro
953 1197 1013 1242 ne-

32 1267 213 1332 ¹luxerunt.
254 1307 271 1336 s

83 1407 109 1454 ο.
127 1380 346 1448 Villoisonus
368 1377 404 1440 in
425 1371 571 1441 Scholiis
589 1371 787 1470 Homericis
800 1379 1014 1468 exemplum,

31 1471 109 1554 lund
136 1468 204 1534 tab.
235 1459 741 1564 V.num.17.paenult1mum
768 1461 889 1546 hnbet,
931 1465 1015 1552 legit

31 1551 232 1639 ἵν’ντωνομίο,
254 1569 333 1614 cum
348 1545 549 1611 valentnvtl
563 1563 629 1608 τον.
653 1565 683 1608 v·
701 1543 848 1634 Gregor.
871 1572 907 1636 p.
921 1551 972 1634 39.

83 1672 111 1736 3.
138 1669 303 1735 Alterum
338 1662 549 1748 tertiumque
584 1663 785 1748 exemplum
819 1665 1018 1752 compendii

31 1753 190 1820 iormulue
214 1752 292 1817 α’ντὶ
316 1751 375 1816 τοῦ
396 1745 495 1811 facile
542 1758 658 1810 ossnnt
675 1749 842 1814 conlundi
867 1773 946 1814 cum
967 1774 1019 1816 se·

31 1841 130 1905 cundo
142 1833 347 1924 compendio
375 1851 499 1896 vocum
511 1829 661 1913 αττικὸς,
682 1833 826 1910 οἱττικῶς
847 1831 935 1919 (tab.
952 1836 1017 1901 VI.

31 1977 117 2020 num.
142 1955 206 2040 r.),
229 1975 248 2018 ο
265 1974 332 2040 quo
350 1972 422 2016 non
438 1947 602 2013 differunt
615 1947 680 2014 nisi
696 1949 813 2016 litterd
827 1978 852 2018 ν.
895 1951 1020 2018 Ruhn-

30 2042 144 2106 lenius
166 2039 203 2103 in
220 2035 375 2102 Moeride
397 2033 584 2098 admodum
605 2034 828 2120 probabiliter
844 2037 927 2123 legit
940 2037 1020 2105 α’ντὶ

30 2128 82 2190 ,τοῦ
99 2145 167 2210 pro
192 2119 340 2197 α’ττικώς.
360 2142 390 2186 r.
419 2117 565 2206 Gregor.
587 2139 620 2202 p·
646 2119 715 2204 175.
757 2119 796 2186 In
818 2121 1019 2211 Etymolog.

30 2211 71 2276 ‚ld-
88 2209 252 2275 vitiosum
267 2203 461 2290 α’ττοβίζειν
475 2210 509 2267 in
531 2199 609 2266 α’ντὶ
626 2206 685 2269 τοῦ
708 2201 855 2292 ὑβρίζειν
876 2219 1022 2273 muton-

30 2295 108 2358 lnm
123 2289 241 2359 consui
257 2292 299 2356 nd
318 2291 461 2376 Gregor.
475 2309 508 2375 p.
521 2287 595 2352 546.

87 2421 364 2522 Ἀντιφάνης.
388 2423 1026 2510 Solennecompendinmhuiusnomi-

30 2517 78 2577 nin
96 2511 246 2575 ontendrt
257 2510 323 2574 tab.
335 2509 385 2574 V.
398 2529 492 2572 num·
511 2507 559 2572 18·
576 2529 594 2571 e
609 2509 691 2572 uod.
704 2509 847 2576 SGerm.
865 2515 938 2579 345.
974 2515 1026 2579 Si·'

30 2595 158 2662 niliter
177 2593 401 2688 tochygrnphi
430 2591 640 2678 scripserunt
664 2589 933 2692 Ἀριστοφάνης,
964 2599 1027 2666 'A-

30 2679 268 2760 τολλοφάνης,
299 2674 494 2768 Ξενοφάνης
514 2686 597 2764 (pro
619 2700 687 2766 quo
709 2703 746 2746 m
761 2682 875 2748 Schol.
893 2685 1024 2750 Platon.

30 2789 67 2854 p.
89 2786 156 2846 ην.
178 2760 513 2852 perpornm‘editurn
537 2773 586 2826 est
607 2763 862 2850 Ξενοφάννης),
894 2767 1027 2856 aliaque

30 2883 176 2950 nomina
198 2880 337 2969 propria
365 2879 402 2946 in
429 2901 541 2972 φανης
565 2877 759 2950 desinentia.
807 2885 843 2950 Si
876 2901 1029 2973 quatuor

30 3003 169 3074 litterae
195 3023 279 3078 ανης
306 2999 450 3064 omissae
475 3011 569 3084 sunt,
607 2999 789 3087 litteraque
814 3002 887 3068 Iotn
911 3029 938 3094 φ
963 3005 1031 3070 sibi

30 3113 68 3156 su
99 3085 306 3174 erscriptum
315 3085 430 3169 habet,
449 3084 516 3149 tole
530 3085 776 3170 compendium
789 3087 858 3172 legi
873 3101 983 3176 potent
998 3101 1034 3156 et

30 3111 251 3260 'ldiuupcirng
264 3180 298 3234 et
312 3167 492 3250 Ἀντιφῶν.
529 3169 605 3234 Ηοο
620 3169 661 3234 de
679 3193 776 3236 causo
795 3176 935 3239 contum
951 3185 1033 3240 sunt

30 3255 141 3324 ambo
163 3256 247 3322 haec
276 3253 426 3319 nomino.
455 3275 484 3318 v.
502 3253 657 3341 Append.
676 3277 710 3341 p.
739 3257 789 3325 tn.
830 3255 888 3321 Ex
914 3259 1034 3324 eudem

30 3363 139 3407 causa
157 3341 342 3427 repetenda
357 3335 514 3406 contusio
535 3339 718 3404 nominum
731 3341 953 3448 propriorum
968 3346 1033 3412 Ξε-
1083 3405 1087 3412 .

30 3423 192 3514 νοφάνης
207 3435 242 3489 et
256 3423 422 3512 Ξενοφῶν.
465 3420 583 3488 Scribo
602 3421 736 3488 Codicis
753 3423 898 3492 suern.
921 3429 957 3494 in
974 3453 1037 3496 no·

31 3545 133 3613 mine
146 3539 317 3632 Ἀντιφῶν
337 3541 539 3629 plerumque
558 3542 796 3608 tantummodo
807 3545 976 3632 syllabam
991 3527 1039 3614 ὧν

35 3627 231 3716 supprimit
255 3625 338 3776 gub.
360 3626 404 3692 V.
425 3647 519 3724 num..
536 3627 611 3712 ut).
655 3624 768 3725 Fuluus
784 3627 852 3694 l'nit
869 3631 1040 3720 Koppier·

35 3718 130 3797 nius,
152 3735 231 3777 cum
292 3711 432 3776 bservnt.
453 3709 575 3800 ptntol.
596 3733 629 3800 p.
646 3731 676 3800 7.
690 3712 834 3796 diceret,
855 3717 963 3783 Anti.
970 3719 1039 3783 Ar.

39 3797 194 3864 ticirtum
215 3795 355 3861 SGerm.
376 3817 405 3860 v.
422 3793 589 3880 ἆνομέσον
603 3797 682 3862 dore
696 3795 866 3887 Ἀντιφῶν
880 3824 944 3890 pro
958 3801 1040 3867 'Ar-

39 3882 200 3973 τιφάνης.
226 3904 257 3947 ν.
274 3880 385 3969 Epist.
401 3903 435 3968 p.
456 3883 524 3948 133.
568 3881 670 3964 Quod
690 3883 839 3952 enimin
861 3887 977 3953 tabula
990 3911 1040 3954 ne·
