3494 4604
421 385 489 437 xiv
664 353 681 418 ἕ
749 349 1090 434 PRAEFATto

428 537 434 560 ¹
497 546 612 623 Erunt
636 547 798 637 fortasse,
835 546 900 646 qui
917 543 1024 619 —bunc
1047 545 1167 646 ipsum
1192 541 1237 620 tle
1262 547 1431 624 Dialectis

419 685 585 761 libellum
604 684 675 757 iam
697 685 741 756 ab
755 681 961 776 Eustathio‚
988 681 1258 758 Thessalonicae
1274 681 1432 758 Archio-

419 823 586 924 piscopo,
618 818 695 919 oui
721 811 836 894 ¹ratitos
864 819 908 892 in
933 817 1134 894 Homerum
1160 821 1430 896 commentarios

417 960 484 1032 sub
501 957 669 1040 Maauele
685 954 769 1028 fere
781 954 1025 1048 concinnauit,
1058 957 1188 1030 lectum
1208 977 1341 1055 putent„
1385 959 1430 1033 ‚Is

419 1117 511 1172 certe
527 1091 572 1167 ad
581 1090 762 1194 Odyssl'.
778 1115 813 1189 p.
827 1075 1011 1185 1471‚·a4.
1027 1077 1150 1166 laudat
1164 1095 1232 1166 τὸν
1246 1090 1430 1188 rodmar·

418 1247 469 1304 ta
491 1233 534 1304 ἐν
552 1228 612 1328 Τῷ
627 1231 712 1324 περὶ
729 1223 803 1299 τῶν
817 1220 928 1299 πέντε
945 1220 1181 1316 Aeolium,
1206 1222 1266 1300 ὅτι
1279 1229 1429 1322 γλῶσσά
1465 1329 1467 1334 Ι

415 1369 519 1442 ἐστιν
541 1361 687 1459 ἰδίωμα
703 1355 923 1435 διαλέκτου.
975 1361 1070 1436 Fieri
1095 1383 1213 1463 autem
1226 1366 1285 1441 vix
1304 1389 1428 1465 potest,

325 1575 330 1582 ,
415 1502 505 1602 quin
525 1529 566 1576 eo
591 1489 629 1573 in
653 1501 733 1574 loco
751 1497 871 1597 aliqua
894 1497 1090 1573 vacillantis
1110 1501 1301 1576 memoriae
1322 1505 1428 1602 culpa
1519 1553 1520 1558 κ

414 1654 575 1712 teneatur
610 1619 834 1720 Essuuios,
870 1633 967 1708 visus
1001 1633 1070 1706 sibi
1104 1633 1246 1732 legisse,
1279 1638 1427 1731 γλῶσσά

412 1773 518 1846 ἐστιν
532 1763 679 1869 ἰδίωμα
694 1761 923 1854 διαλέκτου,
947 1769 1010 1841 ³vbi
1025 1797 1146 1844 reuera
1161 1773 1306 1870 legerat:
1333 1772 1429 1850 Διά-

416 1904 550 1994 λεκτός
562 1909 668 1982 ἐστιν
679 1901 824 2000 ἰδίωμα
837 1902 1017 1997 γλώσσης·
1039 1931 1131 2006 quae
1147 1906 1296 1982 totidem
1311 1913 1429 1985 verbis

414 2044 580 2144 leguntur
599 2044 640 2116 in
665 2035 859 2140 Gregorio,
885 2031 1031 2114 anobis
1055 2042 1162 2116 etiam
1183 2041 1275 2118 edita
1298 2075 1374 2145 pag.
1391 2063 1427 2136 3.

413 2177 468 2280 [p.
487 2203 521 2274 9.
540 2177 625 2252 edit.
644 2173 762 2276 Lips.]
798 2177 938 2251 verum
952 2195 1069 2248 tamen
1086 2179 1190 2273 longe
1205 2181 1430 2276 probabilius

412 2339 483 2409 est,
514 2313 742 2388 Eustathium
764 2313 803 2384 in
828 2311 950 2383 animo
975 2307 1140 2386 habuisse
1156 2311 1257 2386 eliud
1274 2311 1318 2386 de
1334 2315 1428 2388 Dia-

413 2451 512 2526 lectis
537 2448 781 2547 Opusculum,
808 2444 925 2544 quod,
953 2446 1079 2519 Ioanni
1097 2447 1340 2523 Grammatico
1359 2451 1428 2524 ad-

410 2586 605 2683 scriptum,
662 2580 811 2655 eandem
846 2577 987 2652 dialecti
1029 2577 1273 2658 definitionem
1312 2575 1427 2662 offert.

412 2714 540 2805 Quid?
566 2713 665 2816 quod
687 2743 764 2788 eam
785 2714 898 2812 ipsam
913 2714 952 2787 in
971 2716 1146 2818 Gregorio
1167 2747 1210 2794 ex
1228 2720 1330 2794 libris
1344 2751 1428 2797 ma-

414 2850 628 2951 nuscriptis,
654 2851 786 2951 quibus
808 2851 861 2924 vsi
884 2877 1024 2946 sumus,
1049 2879 1140 2928 vaus
1162 2876 1299 2930 tantum
1315 2859 1427 2932 Vati-

415 3015 522 3064 canus
533 2987 707 3088 agnoscit‚
725 2988 882 3087 optimus
892 3007 1011 3062 autem
1020 2989 1215 3063 Vossianus
1229 3019 1312 3069 cum
1323 3015 1427 3070 vtro-

415 3153 486 3226 que
514 3125 628 3224 Regio
662 3145 696 3197 et
719 3121 1011 3199 Meermanniano
1040 3128 1303 3225 praetermittit3
1338 3153 1376 3207 vt
1404 3159 1425 3207 e

415 3425 536 3480 lieieltiae
551 3425 663 3493 praefat.
679 3425 713 3476 ad
730 3425 856 3490 Gregorii
872 3429 935 3481 Cor.
950 3425 1102 3483 Commeat.
1116 3429 1151 3482 ed
1166 3430 1435 3500 Hermogeniana·

408 3511 446 3564 A.
461 3509 582 3576 (Oretum
598 3509 729 3562 Gree'cor·
746 3512 826 3562 torn.
836 3511 924 3580 vill.)
939 3513 1032 3583 p.879.
1047 3535 1053 3568 ι
1069 3511 1243 3568 “Cotini-bine
1258 3518 1424 3572 duodecimo

412 3632 430 3660 ‚,
437 3593 585 3644 secuudum
601 3592 631 3644 C.
647 3595 681 3646 tt.
696 3595 785 3644 seculo
799 3612 852 3645 non
869 3611 907 3647 eet
921 3601 1065 3660 vetustior,
1088 3601 1189 3666 qnippe
1206 3603 1254 3667 qui
1269 3601 1424 3657 Simeonem

413 3675 637 3744 „Metepltraeten
651 3677 766 3730 lendes?
783 3676 866 3744 Quod
880 3695 972 3737 etatem
985 3681 1123 3734 Fabricios
1140 3683 1210 3739 llibl.
1220 3683 1270 3738 Gr.
1285 3687 1363 3738 Tcm.
1373 3685 1423 3742 vl.

413 3758 507 3828 p.195.
524 3759 601 3810 lieri.
617 3761 728 3822 scribit,
761 3763 777 3788 ‘¹
786 3764 948 3816 Corinthum
964 3767 1100 3828 leuissima
1117 3780 1143 3818 et
1157 3769 1224 3820 saise
1240 3773 1390 3824 coniectura
1407 3790 1424 3826 ι

413 3880 430 3906 ,,
441 3839 603 3910 quibusdam
617 3843 711 3897 baberi
725 3860 867 3899 auctorem
880 3855 1025 3917 poematii,
1051 3843 1124 3915 quod
1147 3851 1233 3904 iet-tor
1248 3853 1298 3904 sub
1316 3860 1425 3907 nomine

414 3957 431 3989 ,‚
441 3927 533 3978 Coiuti
548 3925 686 3994 Smyrnaei
702 3932 758 3980 eine
774 3931 871 3996 Quinti
880 3933 1016 3991 Calabrr‚”
1028 3933 1254 3998 tangit'l'bomam
1262 3939 1425 4000 iteinertum.

413 4012 490 4060 coitu
503 4009 571 4060 bauo
586 4014 739 4076 opinionem
757 4015 853 4077 tun-e,
872 4020 958 4069 obiter
971 4029 1062 4068 monet
1079 4019 1188 4096 Vrsinus
1205 4022 1256 4075 Ge.
1273 4021 1323 4092 Gr·¹
1340 4025 1426 4090 ρωθῦ.

413 4091 455 4146 eri.
470 4093 843 4162 aiter-V.Tychren.Comm.
861 4100 894 4152 de
903 4102 1006 4169 Quinte
1013 4100 1162 4170 Smyrnaeo
1176 4121 1272 4190 [ξω.
1285 4107 1400 4160 Seuer.
