3494 4604
485 359 575 407 xtrv
777 339 781 346 '
806 325 1144 414 PRAEFATIO
1206 341 1208 349 '
1314 335 1316 340 ’

480 515 526 601 in
542 543 644 600 vsus
667 539 765 598 eum
781 487 971 596 editione
989 509 1212 594 Koeniena
1229 511 1461 596 accuratis·
1502 533 1509 564 ³

477 663 587 750 aime
603 658 988 770 contulitquinque
1000 656 1199 768 Gregorii
1217 657 1460 769 apographa
1504 660 1509 707 l

368 914 369 917 g
478 807 690 910 Parisina,
726 831 917 917 quorum
952 802 1035 885 tria
1068 828 1094 884 a
1122 803 1294 886 nemine
1323 821 1459 906 antea,
1498 806 1509 858 l

477 950 566 1037 duo
597 951 701 1034 olim
726 977 751 1033 a
776 946 1058 1051 Ruhnkenio,
1094 951 1209 1032 certe
1238 949 1283 1034 in
1309 949 1459 1034 Ruhn-
1500 957 1509 1006 l

473 1097 594 1183 kenii
610 1097 791 1208 gratiam
810 1126 835 1179 a
851 1096 994 1180 nescio
1010 1123 1121 1207 quo,
1140 1123 1318 1180 excussa
1330 1111 1457 1196 erant.
1504 1123 1507 1156 ³

475 1241 649 1328 Horum
667 1243 883 1336 librorum
897 1239 966 1326 hic
982 1239 1182 1326 elenchus
1199 1259 1283 1324 est:

560 1388 711 1476 Codex
742 1388 862 1506 2423.
892 1389 1019 1472 nobis
1054 1405 1227 1471 notatus
1256 1389 1461 1474 litterae.

474 1533 600 1624 Libri
618 1533 772 1637 huius,
797 1535 950 1620 ceteris
968 1533 1241 1636 vetustioris,
1267 1536 1460 1648 primum

475 1680 654 1785 folium,
687 1683 762 1768 vbi
779 1681 930 1792 incipit
948 1681 1206 1792 Gregorius,
1237 1681 1377 1764 tineae
1395 1679 1461 1764 di-

343 1863 347 1888 *
474 1826 663 1926 midium
681 1824 970 1938 depauorunt:
1002 1854 1114 1937 quae
1131 1855 1257 1909 causa
1280 1843 1363 1929 est,
1386 1855 1461 1910 cur

475 1973 713 2084 scripturae
745 1972 1015 2056 diuersitates
1039 1969 1139 2055 inde
1160 1998 1185 2052 a
1206 1970 1359 2080 pagiua
1384 1968 1459 2055 dee

474 2147 598 2204 mum
628 2146 692 2229 27.
720 2115 785 2203 ed.
800 2119 850 2205 L.
864 2118 912 2202 B.
927 2117 992 2226 (p.
1016 2112 1081 2202 65.
1099 2113 1163 2201 ed.
1179 2115 1313 2224 Lips.)
1336 2116 1459 2226 plene

474 2267 642 2352 enotari
660 2261 901 2374 potuerint.

560 2408 710 2496 Codex
735 2404 858 2514 3047.
887 2405 1015 2488 nobis
1044 2424 1217 2493 notatus
1244 2405 1390 2491 litteral
1417 2410 1461 2496 h,

560 2550 711 2635 Codex
749 2548 871 2661 2678,
897 2550 1024 2634 nobis
1053 2569 1226 2636 notatus
1256 2552 1460 2640 litteraic'

557 2697 651 2782 Hos
690 2694 826 2779 libros
861 2695 1032 2780 Bestius
1052 2698 1236 2807 'primus
1267 2699 1461 2786 contulit.

473 2841 561 2946 Qui
579 2868 680 2926 curn
696 2867 750 2924 ex
766 2839 933 2951 aliquot
949 2843 1156 2954 exemplis
1170 2843 1460 2950 intellexisset,

474 2985 724 3073 collationes
764 2984 956 3072 duorum
984 2987 1162 3072 illorum
1189 2993 1461 3105 apographo-

334 3135 340 3146 '
473 3161 598 3238 rurn,
650 3160 761 3245 quae
789 3159 878 3216 vno
910 3150 1109 3218 contenta
1139 3132 1294 3220 Codice
1328 3137 1460 3249 Regio

475 3277 643 3382 sceaf)
669 3277 956 3366 Ruhnlrenius
975 3278 1157 3391 antipae
1175 3308 1463 3392 comparaue-

473 3441 561 3526 rat,
582 3439 681 3536 aut,
701 3423 823 3536 quod
839 3423 1014 3509 credere
1034 3423 1206 3529 malim,
1225 3423 1334 3516 elius
1354 3457 1463 3516 ocu-

472 3567 526 3652 lis
552 3568 828 3659 commiserat
851 3568 1161 3682 comparanda,
1200 3570 1301 3654 satis
1325 3574 1462 3685 negliv

473 3729 619 3826 genter
635 3710 764 3800 factas
781 3741 893 3796 esse:
924 3715 1120 3800 laborem
1137 3743 1351 3830 perquam
1370 3735 1463 3804 tao

515 3936 552 4010 π)
572 3897 609 3996 r.
633 3935 783 3996 xantum
797 3936 830 3995 tn
844 3935 967 4024 praerat.
982 3957 1012 4017 p.
1020 3935 1141 4000 xxxv.
1159 3938 1205 4000 ee.
1218 3939 1252 3998 t.
1267 3937 1298 3998 a.
1314 3937 1358 4024 (p.
1367 3943 1465 4004 xxx.

477 4040 525 4100 ed.
536 4037 647 4121 ¹Lipe.)
