2528 4590
314 369 377 435 ert
418 358 698 434 GREGOMVS
719 358 780 422 DE
799 359 1049 424 ulnuucuo
1074 361 1223 432 boniti

357 569 385 654 §.
405 563 565 631 CXXIII.
599 562 652 630 Tct
676 562 725 640 εἷς
752 587 786 629 οι
809 561 963 646 λήγοντα
980 563 1223 642 πληθυντικὰὲ

316 677 413 740 ματα
430 653 493 732 ⁵⁴),
515 646 639 732 ὁμοίως
658 650 771 714 δὲκαὶ
787 646 1024 752 τάςμετοζᾷς,
1047 643 1134 714 ’όταν
1152 673 1223 736 upon

316 735 514 816 οξύνωνται,
531 734 631 799 αὐτοὶ
644 732 904 820 παροξύνουσιν.
928 754 1002 798 oron
1018 729 1223 822 pctoodpor.

315 819 447 893 νελάοι,
469 819 694 904 octaorum,
718 817 936 904 καλουμένοι,
961 813 1181 906 ὃωρουμένοι.

315 1111 550 1190 ἐξελεπυρίωσεν
578 1108 807 1190 Ὑπερίονα.
863 1106 926 1180 Qui
955 1105 982 1168 ci
1005 1106 1176 1186 sequentia
1196 1105 1223 1166 le

313 1193 504 1266 attendisset,
529 1213 588 1252 nec
602 1192 730 1254 debono
742 1187 924 1269 Hyperione
937 1189 1118 1268 cogitasset,
1137 1189 1223 1252 need

312 1277 383 1360 gina
401 1277 550 1339 Deorum.
594 1277 699 1336 sodex
712 1275 790 1336 baec
806 1271 872 1332 dat:
894 1276 1074 1354 ηρακαλωσ
1085 1277 1223 1338 aucant«

313 1385 359 1424 oo
375 1362 454 1434 εξελε
477 1382 623 1442 πυρωσεν
647 1383 717 1440 rupo
736 1380 780 1422 ων
807 1381 865 1420 και
886 1382 969 1420 κατα
991 1381 1027 1422 ro
1052 1359 1131 1432 εξησ
1147 1377 1223 1440 nono

311 1444 396 1506 Haec
412 1445 456 1504 eic
473 1446 622 1525 legenda:
644 1435 666 1521 ἦ
686 1443 736 1524 ῥα
758 1441 889 1510 κάλως
909 1439 1223 1525 ἀποκαθάρασα

310 1525 586 1610 έλεπύρωσεν·
610 1535 704 1611 περὶ
725 1515 774 1590 ὧν
795 1531 853 1588 καὶ
874 1523 958 1589 xnroi
978 1521 1016 1588 cd
1045 1526 1121 1602 ἑξῆς
1147 1525 1223 1610 deiru

311 1613 373 1674 Pro
381 1605 474 1688 Ἥρα
488 1613 557 1694 lego
575 1605 663 1692 ἧρα,
686 1611 772 1692 quod
787 1610 883 1670 etiem
898 1609 972 1672 alibi
984 1628 1055 1682 non
1070 1611 1223 1676 intellexa

313 1696 405 1760 conf.
424 1693 502 1758 Bibl.
517 1695 593 1758 crit.
607 1697 676 1758 Vol.
690 1695 729 1756 11.
751 1714 776 1753 1.
790 1714 821 1772 p.
847 1694 916 1754 113.
937 1691 1167 1772 fragmentum
1180 1694 1223 1756 bo

314 1781 418 1842 ricum
431 1790 486 1840 aut
502 1781 726 1860 interrogatiue
741 1786 795 1841 aut
809 1776 992 1837 affirmatioo
1012 1777 1088 1858 capi
1101 1789 1213 1858 potest.

312 1863 479 1924 ekenariur
492 1863 588 1943 Epist.
602 1865 641 1924 ad
658 1863 790 1924 Roeuer.
804 1881 836 1942 p.
857 1851 906 1922 L:
933 1859 1155 1934 „Theocritus
1176 1883 1223 1922 cur

312 1947 390 2008 teris
414 1947 597 2026 frequenter
618 1947 746 2008 adhibet
762 1937 784 2019 ἦ
803 1943 863 2024 ῥα,
885 1945 981 2005 etvbi
994 1943 1150 2004 formulis
1172 1948 1223 2020 inu

313 2031 414 2110 gandi,
435 2029 491 2090 aed
506 2041 538 2090 et
551 2033 605 2091 vbi
617 2033 684 2093 ciue
697 2027 941 2110 interrogatione
955 2047 1007 2086 ree
1021 2039 1118 2088 certa
1133 2030 1223 2089 affirm

313 2123 360 2172 eet
375 2121 456 2174 etc.“
497 2114 568 2190 lota,
584 2117 660 2190 εξελε
673 2134 829 2196 nuperum,
853 2111 995 2171 contraxi
1015 2111 1048 2169 in
1069 2133 1169 2173 vnarn
1189 2135 1223 2174 vo

311 2197 543 2279 ἐξελεπύρωσεν.
585 2197 737 2282 [Egregie
760 2196 876 2256 omnia.
920 2195 1053 2255 videtur
1077 2209 1223 2258 autema

310 2273 450 2354 bomine,
472 2301 565 2360 quem
581 2282 695 2341 mulier
708 2279 792 2338 omni
804 2279 936 2360 pecunia
949 2281 1049 2358 probe
1067 2282 1222 2342 emunxit

311 2363 461 2425 Germani
482 2365 574 2443 vulgo
597 2364 709 2424 dicunt
729 2367 816 2423 cinon
841 2365 1038 2424 aurrclrrilen.
1079 2363 1217 2426 Sonant.

311 2449 459 2527 λέπῡρον,
483 2461 594 2521 cortex,
614 2460 768 2529 potatuan,
791 2459 879 2507 recte
892 2448 1080 2507 detinentur
1093 2450 1222 2532 λεπυρόι

310 2528 463 2610 irruptio,
485 2530 544 2590 etsi
558 2531 635 2592 boec
651 2532 750 2590 verba
765 2531 798 2589 in
811 2531 932 2590 Lexicis
946 2531 1065 2590 frustra
1083 2553 1222 2612 quaeror

310 2613 436 2694 aychiur
454 2614 549 2674 habet
566 2613 777 2696 λεπυριῶσαι,
802 2615 1030 2696 ἐξαχυριῶσαι,
1057 2637 1159 2694 quem
1181 2639 1222 2700 ser

269 2735 272 2742 ι
308 2694 446 2757 Koenius
460 2698 693 2780 ἐξελεπυρίωσεν
707 2701 856 2758 correxit.
900 2699 981 2756 liceo
995 2699 1112 2773 forma,
1124 2723 1142 2760 a
1158 2706 1222 2765 rm.

311 2779 470 2855 detineto,
489 2780 565 2841 item
595 2784 695 2862 probo
724 2791 786 2858 est,
808 2781 1069 2862 quemadmodum
1090 2787 1221 2868 ἐξαχυρι

309 2884 403 2923 nemo
423 2865 547 2944 negabit
569 2865 632 2924 dici
660 2884 750 2944 posse
769 2887 828 2946 pro
849 2865 1056 2945 ἐξαχυρῶσαι.
1103 2870 1221 2931 Recent

310 2947 437 3029 quidem
467 2947 691 3028 Lexicographi
712 2950 927 3010 tantummodo
942 2948 1072 3029 ᾰχυρόω
1091 2951 1221 3028 habent,

193 3056 200 3067 ·
308 3033 384 3092 item
401 3030 588 3116 άχυριόω.)
611 3033 753 3112 Denique
769 3041 842 3114 περὶ
856 3024 899 3096 ὧν
910 3053 970 3113 pro
983 3033 1145 3112 Ὑπερίων
1160 3048 1221 3099 tam

308 3127 376 3177 turn
393 3125 446 3188 est,
469 3127 504 3176 vt
518 3119 648 3177 verbum
663 3116 701 3175 de
712 3137 748 3176 eo
764 3117 878 3178 addere
892 3121 1004 3198 pigeat.
1048 3117 1143 3182 Bran.

353 3235 406 3313 54)
431 3232 483 3296 'lbi
500 3242 544 3302 etr
557 3259 591 3298 οι
605 3238 631 3295 λ.
656 3238 706 3296 πλ.
730 3232 798 3318 όν.)
821 3237 892 3297 Καὶ
906 3233 945 3298 coi
967 3244 1013 3304 εἰς
1029 3259 1061 3298 οι
1083 3235 1220 3322 ὀνόματι

307 3321 408 3400 protom
422 3318 455 3380 dt
469 3325 526 3380 καὶ
539 3316 679 3403 μετοχοὶς
693 3317 859 3401 oteramo?
874 3319 975 3402 Reg.),
997 3315 1077 3386 ὅταν
1090 3343 1220 3404 orpora<

308 3422 435 3474 νονται,
463 3401 495 3463 α’.
511 3426 544 3463 rr.
565 3403 638 3465 οἷον
660 3425 695 3482 φ.
721 3407 771 3466 Μ.
791 3407 1010 3486 ποθουμένοι,
1032 3405 1205 3490 δηλομίνοι

309 3491 403 3561 atque
425 3486 469 3543 ita
489 3487 557 3545 sere
574 3487 674 3547 Vatic.
696 3485 756 3546 niai
778 3488 861 3566 qnod
884 3486 937 3547 bic
954 3488 1069 3550 babeat
1093 3488 1220 3574 πωλοὺμ

308 3563 512 3650 δωρούμενοι.
534 3570 647 3630 Koan-
679 3569 754 3632 Cod.
768 3573 805 3632 A.
821 3569 1019 3658 δωρουμένοι
1034 3573 1162 3635 omittit.
1205 3571 1220 3634 (

342 3716 367 3785 ')
385 3719 429 3770 Sic
443 3740 458 3773 a
471 3719 620 3786 ψιμύθιον
634 3727 714 3791 vulgo
728 3724 865 3778 deriuatnr
880 3721 1044 3790 ψιμυθιόω.
1083 3727 1137 3778 Sed
1154 3731 1180 3778 in
1198 3723 1220 3776 il

375 3788 408 3838 de
424 3801 451 3838 ct
466 3789 570 3840 Tboma
585 3793 656 3854 Mag.
671 3791 768 3858 legitur
786 3791 937 3858 ψιμυθὸω,
955 3795 1102 3846 deductum
1120 3795 1192 3846 illud
1210 3811 1219 3844 r

376 3853 484 3917 μυθος,
503 3857 576 3922 quod
590 3860 692 3907 cautior
708 3861 832 3925 Toupio,
858 3865 906 3927 qui
920 3863 1033 3916 Erncud.
1050 3865 1083 3914 T.
1100 3864 1146 3913 IV.
1164 3877 1219 3930 pag.

374 3923 506 3989 repudiat,
530 3923 747 3986 Homstcrhuaiue
770 3929 803 3979 ad
825 3929 923 3981 Thom.
946 3931 1071 3997 Mag·.p.
1087 3931 1147 3999 317.
1169 3929 1219 3982 don

374 4008 428 4042 non
442 3991 529 4044 audet.
549 3993 627 4046 Beer.
