2544 4320
125 99 504 171 counanrarto
527 105 988 176 ratasosuarurcr.
1021 117 1081 200 77⁵

44 321 124 372 πα.
180 308 340 397 Denique
368 287 390 377 ῦ
421 312 712 402 superscriptum,
746 308 803 379 vbi
829 332 892 400 per
924 333 1077 380 errorem
1122 345 1125 350 ·

44 427 207 494 scribae
229 428 349 496 inuasit
370 431 487 496 locum
506 430 639 497 litterae
659 409 699 518 o,
720 432 823 497 etium
848 428 955 495 solam
979 453 1079 523 vocas

46 539 143 653 1311
167 524 194 612 ὀ
217 547 411 634 significare
432 560 562 637 potest:
594 562 627 616 vt
647 573 718 617 non
730 570 863 636 semper
884 551 924 614 de
945 550 1076 638 syllaba

45 681 102 738 ος
125 665 355 752 cogitandum
377 672 430 733 sit.
474 669 585 735 Schol.
615 667 701 734 Ven.
728 667 772 733 ad
801 667 896 732 Iliad.
916 668 972 753 A,
1000 669 1073 756 519.

217 769 238 802 v

48 818 338 904 asaremotsic)
362 821 497 908 καιροῦ,
524 841 587 907 pro
612 819 735 906 quibua
758 819 974 887 Villoisonus
997 819 1073 888 κατ’

45 897 220 968 ἐκεῖνον
267 902 396 990 ρόνον
419 905 536 969 edidit.
579 902 725 989 Corrigo
754 903 828 969 κατ’
850 906 966 970 ἐκεῖνο
987 929 1070 970 και-

41 987 137 1072 ροῦ.
167 927 397 1075 Sioioquitur
412 988 503 1054 idem
513 987 715 1054 scholiastes
736 990 777 1053 ad
800 987 902 1074 ltA,
923 991 995 1076 590.
1021 989 1068 1072 B,

47 1076 140 1135 lob.
165 1070 355 1159 multisque
374 1073 448 1139 aliia
463 1072 555 1137 locis.
599 1071 693 1137 Idem
713 1071 770 1138 dat
794 1073 877 1143 Cod.
897 1073 1016 1138 Venet.
1032 1073 1068 1139 in

42 1154 265 1224 Scholiasta
290 1156 435 1222 Luciani
457 1157 535 1222 Vol.
562 1155 602 1219 11.
620 1180 652 1245 p.
669 1159 739 1240 679.
753 1179 818 1245 pro
839 1157 914 1222 κατ’
927 1156 1068 1224 ἐκείνου

43 1241 205 1326 καιροῦ.
240 1239 463 1346 Phrynichus
479 1241 617 1332 quidem
634 1239 751 1327 Eelug.
763 1263 795 1327 p.
817 1262 883 1304 ιον.
899 1241 1068 1328 vituperat

40 1324 217 1410 phrasin
248 1347 311 1388 κατ
351 1326 457 1391 ἐκεῖνο
487 1325 623 1412 καιροῦ.Ι
656 1327 714 1391 sed
734 1325 769 1389 in
798 1323 1065 1391 Scholiasturum

43 1407 207 1494 scriptis
227 1406 498 1495 frequentissima
521 1419 577 1474 est.
620 1407 743 1475 Conon
768 1410 886 1474 eadem
913 1411 1017 1476 vtitur
1031 1433 1065 1498 p.

42 1496 86 1554 4.
112 1492 196 1576 (od.
216 1489 363 1573 Konn.):
385 1495 419 1557 in
436 1495 623 1596 eodemque
637 1517 669 1581 p.
688 1519 714 1580 7.
732 1500 745 1568 t
755 1492 809 1560 vbi
825 1493 990 1560 editiones
1005 1493 1067 1558 ha·

40 1575 148 1640 bont
165 1576 243 1640 κατ’
259 1577 397 1644 ἐκεῖνον
413 1579 447 1642 δὲ
468 1581 613 1663 καιρον)
646 1577 767 1644 Codex
782 1576 890 1643 Vatio.
912 1599 957 1666 19.
972 1577 1067 1667 pari·

37 1670 111 1727 ier
130 1660 198 1724 dat
216 1658 291 1726 κατ’
306 1661 419 1727 ἐκεῖνο
435 1665 469 1729 δὲ
488 1664 627 1747 καιροῦ.
641 1664 679 1743 *)

127 1797 186 1842 22.
216 1776 367 1866 syllabae
388 1803 455 1845 ουν.
497 1779 595 1846 Haeo
617 1781 748 1867 syllaba
776 1778 812 1845 in
837 1779 1065 1865 scripturiret

46 1860 200 1928 vnciali
214 1873 249 1926 et
268 1873 379 1929 cetera
394 1888 434 1927 τα
495 1867 645 1952 ραῳικῶς
660 1865 708 1928 sic
723 1864 889 1954 pingitur,
912 1874 946 1927 vt
962 1861 1064 1950 phru-

47 1949 102 2014 sis
119 1949 201 2022 τοῖς
216 1949 280 2030 μὲν
293 1939 368 2012 οὖν
388 1971 433 2012 πο
456 1949 529 2025 λοῐς
554 1953 614 2012 tob.
630 1949 688 2012 tv.
705 1971 797 2012 num.
814 1971 878 2034 17.,
900 1967 1062 2034 vocesque

52 2033 291 2110 ἐποιοῦντο,
314 2031 487 2122 διῄρουν,
510 2032 749 2113 καλούντων,
777 2033 842 2096 tob.
860 2031 900 2095 V.
919 2052 1012 2098 num.
1035 2052 1059 2092 1.

50 2137 105 2181 ex
127 2115 284 2200 Etymol.
301 2114 441 2180 Sorbon.
456 2115 658 2182 ostendunt.
689 2117 872 2182 Rarissime
896 2125 975 2177 nota
994 2113 1060 2176 iru-

50 2201 114 2266 ius
132 2197 287 2288 syllabae
298 2199 571 2287 superscribitur,
586 2213 623 2268 vt
635 2204 671 2267 in
685 2223 768 2268 voce
779 2198 886 2287 ἤγουν
901 2199 965 2264 tub.
985 2193 1059 2263 Vll.

149 2486 187 2566 *)
211 2483 289 2546 Add.
304 2507 382 2566 quae
399 2488 499 2548 obiter
507 2487 617 2568 scripsi
632 2489 672 2551 ad
687 2487 720 2550 L.
737 2487 805 2550 Bos.
818 2485 926 2569 Ellipa.
941 2506 970 2566 p.
987 2486 1056 2546 552.

57 2568 168 2630 Etiam
183 2571 215 2628 in
224 2570 251 2628 T
252 2569 336 2630 hom.
350 2571 426 2652 Mag.
439 2574 514 2632 olim
529 2593 695 2651 perperam
710 2573 842 2636 edebant
856 2571 923 2634 καί
937 2575 1058 2634 ἐκείνου

61 2652 194 2730 καιροῦ.
215 2653 249 2710 V.
264 2664 329 2712 not.
349 2656 389 2713 ad
405 2677 435 2734 p.
455 2660 526 2718 502.
546 2659 618 2720 coll.
637 2659 754 2717 Dukeri
766 2657 897 2735 praefat.
915 2658 953 2714 ad
965 2653 1058 2712 'rhu-

62 2737 170 2816 cydid.
194 2736 396 2802 *****2.
440 2739 606 2801 verissime
629 2751 789 2814 monetur,
817 2741 898 2800 hauc
917 2739 1057 2802 locutro-

59 2841 139 2880 nem
154 2821 338 2882 Scholiastia
352 2823 519 2884 admodum
532 2825 672 2884 usitatam
686 2845 760 2884 osse.
803 2823 854 2882 Sic
874 2821 979 2880 Sobot.
997 2818 1059 2878 MS.

60 2905 103 2966 ad
117 2905 317 2984 Aristophan.
328 2907 356 2967 N
359 2908 408 2968 ub.
423 2930 452 2968 v.
471 2927 538 2988 710.
552 2905 602 2968 Br.
618 2908 723 2984 insidii
737 2916 769 2970 ot
778 2906 942 2981 Ἀθηναῖοι
955 2909 1011 2964 καὶ
1024 2907 1058 2962 οἱ

61 2993 245 3068 Κορίνθιοι
266 2987 333 3051 κατ’
353 2997 450 3054 ἐκεῖνο
476 2991 592 3071 καιροῦ
618 2991 755 3074 πόλεμον
774 2992 869 3068 εἶχον.
899 2990 972 3048 's'eu
993 3005 1057 3045 non

62 3074 171 3134 minus
185 3073 297 3132 crebro
314 3094 370 3133 vsu
387 3077 499 3136 teritur
511 3079 550 3136 ab
562 3077 629 3135 rdiia
644 3077 858 3154 scriptoribus,
875 3073 911 3132 iis
935 3093 973 3132 ue
987 3073 1056 3130 l'ere

59 3139 246 3235 temporum
268 3159 489 3223 recentiorum.
531 3159 680 3222 Eusebius
704 3161 779 3220 trist.
804 3158 886 3218 Eccl.
906 3093 940 3217 ii.
961 3151 1056 3216 aab.

59 3242 108 3300 in.
135 3240 292 3303 Ὶοιοῦτων
316 3243 426 3304 κακῶν
447 3250 573 3324 πατέρα
593 3251 650 3307 καὶ
667 3240 859 3326 δημιουργόν
875 3241 929 3304 τόν
944 3242 1056 3325 Sipu-

64 3347 111 3386 να
124 3322 194 3387 κατ’
207 3327 304 3387 ἐκεῖνο
320 3328 434 3408 καιροῦ
449 3354 476 3390 κ.
492 3353 517 3390 τ.
534 3333 559 3389 λ.
595 3328 722 3389 Photius
735 3327 813 3394 Bibl.
826 3347 851 3388 c.
872 3328 957 3389 1313.
974 3337 1056 3387 extr.
1139 3359 1142 3364 ·

62 3405 135 3470 κατ’
160 3414 258 3471 ἐκεῖνο
281 3411 397 3493 καιροῦ
417 3415 623 3494 χωρίζεσθαι.
671 3413 814 3474 Eiusdem
838 3411 992 3490 Excerpta
1015 3430 1056 3470 ox

58 3491 296 3572 Agatharchide
317 3517 345 3575 p.
361 3495 410 3556 35.
431 3496 526 3562 Huds.
555 3497 672 3566 ταύτας
691 3497 760 3558 κατ’
785 3499 880 3560 ἐκεῖνο
892 3493 1010 3577 καιροῦ
1025 3500 1058 3556 οἱ

60 3575 235 3654 ἐπιχώριοι
257 3601 285 3640 κ.
305 3603 331 3646 τ.
352 3583 377 3640 λ.
407 3581 604 3642 Marcellinus
624 3583 664 3642 de
693 3581 834 3662 Thucyd.
864 3604 894 3660 p.
919 3581 946 3642 6.
975 3579 1056 3640 med.

58 3660 299 3806 {ddoxapodunc
338 3661 407 3726 κατ’
432 3667 529 3730 ἐκεῖνο
560 3665 677 3751 καιροῦ
707 3665 802 3750 nopai
830 3670 895 3735 τοῖς
919 3661 1057 3739 ‘Euan

88 3766 201 3806 enarr.
