2544 4320
40 227 374 293 oltltEN'rs'rlo
403 173 866 290 rstsnoousrfflcs.
913 227 974 311 733

40 419 159 484 ,uaeque
191 399 232 463 ud
263 396 356 464 hune
384 395 524 464 niodum
557 410 697 464 exarata
725 399 835 462 sinte
864 393 973 477 cupite

46 482 166 574 pessuli
195 484 238 548 ud
260 483 408 568 calcem,
444 481 541 546 lueile
561 483 755 548 existimatu
779 491 847 564 est,
868 502 974 567 quam

40 567 176 656 mpedire
197 567 392 654 morarique
415 568 535 632 debeat
551 566 799 650 haeesecordiu
816 565 871 630 vel
885 565 992 652 peri·'

40 651 179 720 issimum
202 675 370 739 quemque
392 664 492 738 atque
513 651 775 718 attentissimum
800 651 981 716 lectorem·

40 737 176 802 lodicum
198 757 417 822 graecorum,
439 747 605 824 quotquot
628 735 793 816 tractatui,
815 732 972 799 omnium

43 823 124 886 ullus
154 832 222 884 tam
252 819 379 883 *crebris
409 833 443 884 et
470 832 603 885 tantum
625 818 847 884 dubitationis
865 817 973 883 relin-

42 903 192 972 ueutibus
213 902 459 969 abbreuiaturis
486 903 645 986 horruit,
676 904 776 989 atquo
799 901 856 965 hio
877 925 973 986 vnus,

40 1003 49 1054 t
68 989 163 1052 valde
184 1008 312 1073 verear,
334 1011 376 1052 ne
395 986 431 1053 in
453 989 660 1074 integrandis
680 1001 781 1073 utque
803 987 899 1066 volut
914 1009 974 1052 ex·

40 1073 188 1138 lenundis
208 1071 276 1136 illis
296 1072 509 1160 compendiis
531 1073 657 1159 passim
679 1073 835 1138 locorum
855 1091 971 1138 evoro

40 1155 244 1223 berrauerim
268 1159 360 1222 etc.“

40 1239 242 1328 Priusquam
266 1241 414 1325 singulas
437 1261 536 1305 voces
560 1261 758 1325 percensere
780 1236 973 1334 aggredior,

43 1347 191 1412 quarum
218 1326 428 1411 compendiis
455 1325 491 1390 iu
524 1323 635 1410 Epist.
665 1321 748 1388 Urit.
771 1335 804 1387 et
824 1344 860 1386 ιιι
882 1321 973 1387 notis

44 1411 190 1496 Gregor.
210 1410 429 1495 dictumest,
453 1409 678 1476 necessarium
700 1416 802 1494 puto,
831 1428 875 1472 ne
897 1406 973 1493 quis

40 1493 162 1559 litteris
182 1494 349 1578 superseri
377 1494 419 1559 tis
446 1504 555 1575 erret,
583 1491 618 1554 in
642 1505 852 1555 antecessum
871 1511 975 1575 geno·

43 1601 149 1664 mque
173 1600 330 1661 mouere,
355 1517 504 1642 litteram
530 1575 797 1672 superscriptam
819 1597 974 1662 pronun-

40 1665 132 1726 idnm
152 1683 222 1726 esse
235 1673 318 1748 post
340 1685 435 1746 eum,
465 1681 551 1749 quae
572 1660 661 1724 mliu
683 1660 806 1746 scriptu
826 1659 863 1723 in
885 1659 976 1746 ipsu·

504 1763 526 1796 ω

62 1812 157 1879 linea
178 1811 287 1900 positu
308 1827 368 1882 est.
409 1815 448 1878 E.
463 1836 489 1879 e.
504 1833 525 1876 o
546 1810 727 1896 significet,
748 1834 820 1878 uon
843 1793 895 1897 ωἰῗ,
915 1813 974 1878 sed

61 1918 82 1950 α

59 1987 81 2028 κ
105 1966 276 2049 ιιιΙεῑκα,
315 1987 386 2036 non
407 1987 470 2045 aa,
493 1974 554 2027 ele.
598 1963 712 2029 Huius
734 1963 870 2046 regulae
892 1974 975 2030 sunt

42 2062 126 2134 uot,
163 2051 219 2114 sed
247 2072 344 2115 surae
373 2049 608 2135 exceptiones,
640 2048 697 2113 v'oi
727 2047 864 2112 litterae
893 2070 975 2112 con·

40 2133 85 2197 io
118 2134 238 2198 ordine
270 2133 543 2220 pronuntiandae
565 2144 665 2213 sunt,
700 2155 727 2196 e.
749 2153 775 2194 c.
803 2130 838 2196 in
868 2130 907 2195 τὸ
939 2145 974 2198 et

40 2241 74 2283 ro
100 2219 167 2281 tab.
194 2217 233 2282 V.
256 2241 348 2284 num.
373 2235 419 2280 ιο.
462 2215 552 2287 Satis
580 2229 691 2281 tamea
716 2216 911 2300 frequenter
932 2215 975 2282 li·

40 2301 106 2386 rii,
143 2303 278 2390 quondo
314 2315 454 2388 utruque
489 2301 624 2386 legendi
654 2301 742 2366 ratio
771 2299 812 2363 ad
842 2297 972 2386 aliquid

41 2397 137 2470 eret,
174 2387 266 2474 quod
290 2407 449 2474 graecum
478 2397 581 2469 esset,
611 2407 672 2472 per
706 2383 898 2450 socordiam
935 2386 974 2450 iu

40 2491 140 2536 onem
164 2471 263 2535 illum
285 2481 486 2558 peccarunt.
521 2469 604 2534 Inde
627 2483 701 2536 orta
725 2481 772 2534 est
797 2491 823 2532 e.
839 2491 867 2533 e.
892 2492 974 2535 con·

41 2579 63 2619 o
90 2577 215 2620 vocum
239 2553 311 2642 ἅμα
324 2565 357 2620 et
372 2553 465 2632 μάλα
480 2577 504 2618 s.
519 2555 661 2640 μᾶλλον.
702 2554 741 2619 In
755 2553 872 2645 priore
887 2575 974 2620 voco

41 2697 66 2738 u
96 2673 168 2761 ipsu
198 2673 289 2740 linea
318 2672 471 2760 positum
492 2683 527 2739 et
552 2697 578 2758 μ
606 2673 876 2762 superscriptum
906 2687 973 2741 est:

58 2791 96 2856 in
118 2793 308 2879 posteriore
329 2788 542 2856 eontrarium
565 2789 714 2873 obtinet,
734 2817 761 2875 μ
782 2793 819 2858 in
834 2790 936 2876 linea,
950 2816 974 2856 u

40 2899 82 2940 tra
108 2899 183 2942 eum
212 2875 333 2964 posito.
375 2873 473 2938 Cous.
500 2874 566 2938 tub.
590 2873 633 2939 V.
661 2898 754 2938 num.
779 2891 825 2938 ιο.
849 2899 867 2940 e
889 2875 973 2941 cod.

40 2985 65 3024 u.
101 2962 229 3041 Hom,
259 2973 292 3025 et
318 2958 470 3040 deloco,
496 2958 555 3022 vbi
585 2958 643 3023 ille
672 2957 826 3024 conlusio
855 2961 972 3023 locum

40 3065 105 3110 ere
135 3047 268 3132 potuit,
306 3041 488 3108 Ruhnken.
521 3043 563 3106 ad
591 3042 683 3107 Tim.
710 3068 745 3132 p.
774 3047 824 3106 55.
859 3042 896 3106 it.
918 3065 973 3131 ap.

40 3151 145 3216 ignor.
180 3130 223 3194 ad
258 3129 462 3217 Aleiphrou.
494 3125 577 3192 Vol.
606 3126 648 3191 ll.
672 3149 705 3215 p.
739 3148 807 3192 ιιι.
863 3124 973 3193 Porro

936 3231 958 3264 π

40 3304 60 3346 e
83 3303 185 3348 eausa
206 3279 293 3366 fuit,
315 3301 377 3346 eur
397 3279 520 3368 passim
543 3276 834 3345 confunderentur
850 3278 904 3344 ἐπὶ
920 3285 973 3364 (ε)

40 3434 114 3521 περὶ
136 3387 211 3519 (le).
234 3434 269 3525 ²)
312 3404 405 3502 Vide
434 3433 501 3499 ἐπὶ
530 3431 620 3498 τέλει
647 3441 682 3496 et
702 3435 856 3517 περίτι
878 3433 974 3499 πολι-

60 3624 104 3710 *)
128 3627 174 3688 De
196 3630 278 3705 alia,
309 3639 343 3690 vt
362 3629 514 3702 videtur,
540 3645 629 3685 eausa
651 3624 840 3685 confusionis
860 3625 974 3685 harum

40 3713 247 3793 epesitionum
277 3714 404 3791 loquens
429 3712 617 3772 Villoisonus
644 3707 681 3768 ad
704 3709 798 3788 Longi
824 3709 974 3776 Pastoral.

40 3801 97 3856 le:
141 3799 207 3871 „lu
238 3797 321 3856 hunc
352 3807 455 3856 autem
480 3795 576 3874 Longi
598 3795 700 3853 locum
725 3800 808 3876 περὶ,
829 3813 888 3873 pro
911 3799 974 3868 ἐπὶ,

40 3883 85 3940 sle
108 3881 257 3960 irrepsit,
293 3883 377 3961 quod
395 3881 455 3943 hae
484 3877 726 3960 praepositiones
760 3876 868 3938 eodem
904 3876 975 3936 fere
