2528 4590
228 99 289 178 s'ss
332 111 611 174 ennoonivs
633 111 692 172 na
713 110 967 173 ominoso
987 109 1172 177 nomes·

228 284 395 346 admodum
416 284 450 342 in
472 280 625 360 φύλακοι,
647 281 777 360 aliisque
797 281 919 341 euenit:
941 282 1005 342 vid.
1020 283 1049 365 §.
1064 286 1145 348 xvn.
1182 292 1186 311 ¹

228 370 310 430 Dial.
324 370 410 427 Aeol.
453 366 573 426 Deinde
587 367 774 445 transposita
790 366 852 424 suit
867 366 962 424 litera
978 391 1006 448 ρ,
1029 379 1059 426 et
1072 372 1172 430 addita

229 475 317 512 more
340 450 565 525 Macedonum
600 452 654 530 qui
673 450 778 508 nescio
797 470 837 507 an
860 449 962 508 adhuc
982 453 1020 510 ab
1043 452 1175 514 hominib
1190 458 1206 479 '²

231 537 360 598 eruditis
385 537 425 594 sit
448 535 641 594 obseruatus.
697 531 902 602 Macedonum
923 533 989 594 lioc
1012 537 1130 619 ἰδίωμα,
1174 512 1229 576 '⁴⁸

229 623 328 682 multa
358 621 436 692 alia,
461 619 527 678 sine
553 616 710 698 Hesychio
729 619 963 695 ignoraremus,
993 621 1049 698 qui
1068 605 1236 682 seruauit?

228 704 398 786 Ἀβροῦτις,
419 702 532 783 ὀφρῦς,
558 700 753 768 Μακεδόνες.
777 711 825 761 et:
844 699 1032 779 Ἀραντίσιν,
1053 703 1233 782 'marrim

231 787 426 855 Μακεδόνες.
456 789 565 865 ltaque
579 785 813 846 Macedonicum
831 785 1008 846 existimem
1023 789 1109 849 etiam
1122 795 1218 870 datr

228 873 368 947 κτοιζεις,
392 876 610 955 περιβλέπεις,
639 870 827 948 transposita
855 889 980 948 quoque
1003 873 1123 946 camna,
1148 891 1207 953 pro

230 956 437 1036 δορκάζεις.*)
483 953 618 1036 Τράφος
639 974 696 1032 pro
723 953 848 1035 τάφρος
868 965 1014 1033 superest
1038 956 1069 1013 in
1091 959 1194 1018 'fabulis

229 1041 483 1103 Heracleensibus
505 1039 528 1114 l,
551 1044 601 1102 δα.
622 1037 659 1112 ll,
684 1037 732 1098 51.
756 1039 807 1098 58.
832 1039 883 1098 64.
926 1039 975 1097 Ab
994 1039 1045 1097 his
1064 1040 1198 1120 longedi.

229 1145 353 1185 versam
368 1123 556 1184 metathesin
573 1122 695 1203 [qualis
710 1121 778 1180 sere
794 1121 827 1180 in
840 1120 1028 1204 Ἀθιλβεται
1045 1133 1075 1182 et
1085 1124 1200 1209 οἱδλέβε-

231 1234 294 1279 ται,
318 1208 502 1267 emendante
518 1207 642 1268 doctiss.
660 1204 794 1284 Heringa
812 1205 886 1265 Obs.
903 1206 935 1265 C.
954 1207 1069 1266 XXIV.
1083 1229 1112 1288 p.
1127 1209 1200 1290 aon]
1236 1250 1241 1259 ·

229 1294 376 1374 putabam
393 1292 534 1352 obtinere
550 1291 632 1370 apud
651 1288 781 1369 Hesych.
805 1290 838 1349 in
856 1292 1081 1364 Διασυκᾶσαι,
1101 1293 1202 1355 dtame-
1248 1304 1253 1313 “

230 1376 342 1449 δᾶσαι,
370 1375 577 1446 Ταραντῖνοι,
598 1374 737 1452 adeoque
750 1395 810 1453 pro
832 1374 1047 1437 διασκεδᾶσαι
1060 1377 1203 1455 legendum

230 1461 451 1532 διασκεδάσαι,
476 1458 530 1537 qui
545 1479 636 1516 error
653 1467 699 1516 est
713 1459 803 1538 longe
815 1457 1099 1537 frequentissimus.
1129 1461 1205 1533 Quod

229 1545 310 1603 siin
334 1543 532 1603 sollicitando
560 1539 691 1620 Hesych.
714 1542 818 1601 animo
841 1541 937 1602 salsus
956 1564 1038 1618 sum,
1082 1545 1208 1623 proderit

228 1640 338 1689 tamen
357 1627 435 1688 haec
456 1646 552 1704 opera
573 1625 775 1684 emaculando
798 1626 926 1706 Lysiae,
946 1629 983 1686 in
1008 1629 1098 1687 cuius
1120 1631 1170 1688 Or.
1186 1651 1207 1688 c.

231 1712 385 1772 Theomn.
400 1732 431 1792 p.
442 1715 515 1798 ι181.
533 1710 750 1769 scribendum:
780 1709 847 1772 ἀλλ’
863 1709 920 1790 οὐχ
935 1700 1030 1782 οὗτος
1049 1712 1068 1776 ό
1085 1711 1171 1794 λόγος
1184 1721 1208 1776 ἐν

231 1797 269 1870 τῆ
289 1794 377 1858 πόλει
399 1795 662 1869 κατεσκέδασται,
709 1795 779 1854 loco
816 1796 935 1874 vulgati
963 1797 1209 1870 κατεσκεύασται,

230 1867 313 1961 qiiod
329 1882 604 1958 λιι-κατέσπαρται
625 1878 874 1938 conuertendum
896 1883 1045 1942 censebat
1065 1881 1211 1941 Marklan-

231 1966 305 2038 dus,
328 1986 398 2026 cum
414 1965 604 2045 διέσπαρται
618 1963 657 2022 sit
677 1964 710 2022 in
727 1963 955 2024 Abbreniatore
973 1986 1005 2044 p.
1026 1969 1099 2042 187.
1142 1965 1211 2024 Ean·

230 2048 301 2108 dem
316 2049 503 2108 medicinam
522 2058 666 2109 veterum
687 2046 809 2126 aliquot
829 2049 905 2107 locis
918 2048 1062 2110 feliciter
1086 2049 1211 2109 admonit

229 2131 352 2192 doctiss.
379 2131 544 2190 Piersonns
564 2131 603 2190 ad
625 2129 748 2190 Moerin
772 2153 803 2211 p.
827 2137 896 2193 218.
920 2134 1008 2192 cuius
1025 2132 1213 2195 verissimam

229 2235 295 2273 esse
311 2214 344 2272 in
358 2213 514 2293 Polyaeno
531 2214 780 2277 emendationem
805 2215 838 2275 L.
862 2216 914 2278 lv.
938 2219 969 2277 C.
998 2218 1029 2277 3.
1053 2219 1087 2300 ᾗ.
1103 2219 1152 2278 24.
1177 2213 1214 2280 Τό

229 2299 290 2360 τῶν
305 2297 484 2376 ἐλεφάντων
496 2299 609 2384 ἄγημα
630 2297 891 2384 διεσκευασμένον
910 2301 1103 2380 ἐφειστήκει,
1124 2312 1214 2362 osteu-

262 2423 446 2489 ⁶)A1101000
466 2427 627 2492 Hesychius:
663 2419 908 2491 δρωντιίζειν,
947 2425 1115 2492 εζιιβλέπειν.
1148 2431 1216 2480 Duae

295 2492 344 2541 hae
367 2495 470 2558 glossae
492 2497 518 2544 in
541 2497 702 2544 memoriam
725 2495 794 2545 mihi
815 2509 950 2553 reuocant,
968 2498 1043 2560 quod
1061 2498 1215 2562 Apollonias

294 2560 353 2610 MS.
369 2559 432 2626 περὶ
445 2555 646 2628 ἑπιῤῥημοίτων
661 2561 694 2611 de
709 2563 872 2628 etymologia
893 2563 1018 2614 aduerbii
1036 2559 1155 2628 ὑπόδρα
1167 2579 1216 2616 tra·

294 2658 351 2710 dit:
368 2656 497 2708 Δύναται
508 2654 619 2722 niuno}
632 2656 707 2709 narei
722 2659 812 2726 φύσιν
827 2659 869 2720 εἰς
882 2637 902 2714 α
914 2661 1029 2729 λήγειν,
1053 2659 1178 2714 δύναται
1190 2658 1217 2713 δι’

294 2759 344 2807 καὶ
358 2756 420 2808 κατ’
435 2756 560 2817 ἔλλειψιν
573 2757 625 2808 τοῦ
644 2761 661 2819 ξ
680 2756 835 2825 ἐξενεχθὲν
853 2760 937 2812 τιίσιν
956 2759 1107 2827 ἀνάλογον
1121 2758 1216 2813 ‹tuate-

294 2819 412 2890 δέχθαι.
445 2822 552 2882 ἐντελὲς
563 2823 615 2889 μὲν
630 2819 683 2876 σόν
703 2825 781 2877 ἐστιν
799 2826 830 2879 ἐν
849 2831 882 2904 τι]
896 2829 1035 2905 ληγούσῃ,
1051 2831 1081 2881 εἰ
1096 2828 1161 2904 τῇδε
1176 2827 1216 2894 εἴη

248 2905 251 2912 “
292 2889 334 2942 ἐσ·
363 2891 545 2956 ματισμένον.
563 2891 595 2942 τό
608 2887 680 2958 δρῶ
696 2895 893 2960 σημαίνεικαὶ
908 2897 940 2948 τό
957 2893 1038 2962 δρῶ,
1056 2895 1110 2964 ἀφ’
1125 2891 1159 2948 οὗ
1171 2895 1216 2946 κατ’

280 2909 565 3028 ‚sodomama
586 2961 635 3008 καὶ
655 2958 688 3009 τό
711 2957 907 3032 δραπέτης,
930 2959 949 3014 δ
970 2959 1136 3030 ἐπιβλέπων
1155 2961 1216 3022 τοδε

292 3056 440 3123 δεσπότας,
457 3060 507 3110 κατ’
521 3056 612 3122 σαφὲς
626 3057 670 3110 ὅτι
684 3057 794 3126 ἐγένετο
810 3059 955 3130 ἑπίρόημα
969 3062 1012 3128 1εἰς
1028 3083 1065 3124 ιτ,
1081 3065 1216 3133 περατοιῗ-

289 3145 385 3191 μενον,
409 3127 510 3190 δ’,ιισιον
529 3127 566 3192 τῷ
589 3125 685 3176 α’ντῶ
701 3127 806 3192 ἱέντα,
824 3128 949 3197 η’ρεμῶ
965 3129 1100 3196 ἠρέμα,
1119 3131 1168 3198 ἀφ’
1183 3125 1215 3182 οὗ

292 3193 435 3244 σύνθετον
449 3193 482 3245 τό
497 3191 516 3244 ai
522 3191 591 3244 πόδ
597 3211 613 3259 ρ
622 3212 650 3245 ιι.
685 3196 805 3248 Verbum
819 3195 876 3264 δρῶ
889 3205 910 3250 εἰ
947 3203 1036 3249 ificare
1045 3201 1148 3260 videre,
1165 3201 1212 3252 du·

291 3263 357 3312 dum
376 3281 538 3313 noueramns
560 3281 592 3312 ex
615 3266 771 3329 Etymolog.
797 3269 834 3317 Μ.
864 3283 888 3316 v.
912 3218 1014 3332 δδάσις
1035 3282 1061 3318 et
1084 3263 1210 3333 τδπόδρατ

274 3333 354 3379 diem
371 3347 403 3379 ex
418 3332 514 3380 Lexico
528 3333 590 3395 neg.
606 3332 664 3382 MS.
683 3335 755 3398 quod
780 3336 871 3384 citauit
896 3335 1037 3386 Albai-tius
1051 3337 1086 3386 ad
1104 3336 1210 3402 llesyeli.

288 3413 313 3446 v.
329 3390 503 3458 δρωκτιλζεις.
539 3397 652 3448 Duobus
669 3399 710 3448 his
731 3401 926 3462 testibusvunnc
944 3403 1047 3453 accedit
1067 3408 1160 3454 tertius
1174 3407 1209 3454 A·

306 3463 424 3513 ollonius
440 3465 496 3512 MS.
514 3477 541 3512 vt
555 3465 588 3513 de
605 3465 653 3513 hnc
667 3469 860 3530 significatione
874 3473 951 3518 nullo
966 3470 1050 3518 modo
1066 3475 1149 3538 possit
1160 3469 1207 3518 du-

284 3480 374 3579 litari.
410 3529 461 3578 Sed
483 3533 533 3580 tria
553 3529 658 3580 diuersa
681 3533 761 3583 verba
787 3535 874 3598 fnisse,
892 3531 1073 3600 δρωκτιὶζειν,
1089 3531 1207 3600 dourad-

285 3597 351 3656 ζειν,
370 3588 533 3658 δροιπιὶζειν,
552 3601 594 3647 vix
609 3599 677 3649 mihi
701 3605 858 3665 persuaderi
874 3607 970 3668 patiar.
1007 3607 1067 3656 Nisi
1090 3623 1135 3654 me
1151 3621 1204 3652 om-

284 3667 327 3714 nia
344 3664 449 3722 fallunt,
469 3659 637 3726 δροιντιλζσιν
656 3671 682 3716 in
705 3671 833 3735 llesyeliio
853 3683 1016 3738 corruptum
1039 3686 1085 3733 est,
1104 3691 1133 3722 ac
1155 3673 1204 3721 soi·-

283 3744 350 3782 tasse
367 3731 531 3782 mutandum
546 3733 573 3781 in
589 3725 753 3798 δρωπιίζειν.
788 3739 866 3791 Bisa.
