2588 4606
244 343 284 406 so
319 289 597 403 osscomvs
616 330 678 394 or
699 327 940 396 omisero
962 329 1157 398 Armes.
1280 331 1292 398 t

190 489 193 498 ’
291 505 426 600 §.X.1V.
454 501 524 586 Τήν
541 502 788 592 πρεσβείαν84)
802 499 1080 589 πρέσβευσινῦῑ),
1098 505 1160 566 καὶ
1175 502 1236 584 τήν
1292 550 1294 557 -

250 589 429 678 καταβοήν
437 589 671 674 ,κατεβόησεν
695 589 754 651 καὶ
768 585 833 666 την
846 585 984 669 ἀγάπην
997 584 1236 670 ἀγάπησινθθ).
1279 627 1286 664 2

251 685 311 746 καὶ
327 677 518 765 persolv)
540 673 559 740 ὁ
579 671 799 750 Θονκυδίδης.
1289 707 1292 714 ·

243 837 1236 869 ,,,,,,,,......................-...........................

251 938 356 1000 omnia
367 935 451 996 idem
466 931 592 993 omittit.
615 929 691 991 cod.
701 931 737 991 A.
751 951 769 990 ε
780 931 882 1012 prims
894 953 988 992 manu
1000 941 1076 1002 ρί-
1084 930 1238 1020 §soliti-q

251 1018 418 1084 sesecundo
432 1015 483 1092 ἢν.
511 1013 610 1076 Codd.
629 1013 661 1075 B.
679 1037 707 1081 ο.
723 1015 753 1075 b.
767 1024 799 1074 et
813 1037 840 1078 c.
853 1026 891 1078 el.
923 1015 1042 1076 Deinde
1057 1016 1154 1077 Codd.
1169 1041 1196 1077 a.
1210 1027 1240 1078 et

253 1128 282 1166 c.
298 1103 344 1190 μή
360 1105 562 1184 πειθομένων
583 1101 745 1182 πολεμεῖν,
763 1097 905 1179 Denique
925 1101 1036 1175 verba,
1059 1104 1158 1164 λείπει
1179 1099 1239 1181 γάρ

251 1187 356 1254 καλῶς
367 1186 409 1248 ἀν
423 1190 480 1260 ε’ίη,
495 1195 542 1257 et,
557 1187 655 1246 λείπει
667 1181 702 1246 τά
716 1181 886 1268 παύσομαι
897 1182 1088 1264 ἢὴσυχάσω,
1102 1186 1135 1244 in
1144 1184 1240 1246 codd.

252 1298 279 1335 e.
293 1276 323 1334 b.
339 1281 370 1331 et
384 1291 412 1330 c.
424 1289 489 1328 non
504 1268 662 1348 leguntur.
685 1267 819 1330 Sensus.

296 1356 349 1434 84)
371 1352 556 1436 πρεσβείαν]
577 1349 715 1410 Koe'nius
734 1351 1035 1436 προπαροξυτόνως,
1057 1357 1240 1437 πρέσβειον.

250 1440 380 1502 Rectius
393 1436 489 1498 Codd.
503 1436 539 1496 Α.
553 1434 589 1495 Β.
602 1456 628 1494 ιι.
641 1444 674 1494 et
686 1455 726 1512 c.‚
740 1444 777 1497 vt
788 1455 844 1514 ego
857 1437 947 1510 dedi,
961 1441 1143 1520 πρεσβείαν.
1163 1435 1241 1515 Ety-

251 1541 327 1602 mol.
340 1538 380 1598 M.
396 1558 423 1596 c.
441 1538 512 1616 519.
526 1537 578 1595 28.
593 1553 618 1595 s.
632 1569 674 1582 -
685 1541 784 1617 χωρίς
796 1535 858 1598 τῶν
872 1535 941 1600 ἀπό
955 1537 1017 1600 τῶν
1031 1535 1086 1599 διά
1100 1523 1241 1598 τοῦευῖῗ

252 1621 354 1688 ταῦτα
372 1620 436 1704 γάρ
455 1621 582 1682 ἐντείνει
603 1615 639 1680 τά
652 1621 684 1693 ἄ,
705 1619 776 1683 olor
793 1619 913 1700 χορεύω
926 1625 1059 1700 χορεία,
1087 1619 1240 1700 ρητορεάιο

250 1709 411 1791 ῥητορεία.
441 1702 577 1764 Bestius:
597 1705 810 1786 ,Πρέσβειοιν
823 1708 900 1787 (pm
922 1705 1242 1788 oesossslarstslsum

252 1802 313 1868 est,
335 1789 534 1850 etsiKoenius
547 1796 598 1845 ter
609 1797 773 1847 accentum
788 1787 832 1846 sie
845 1789 979 1869 posuit.“
999 1789 1130 1849 Scilicet
1144 1789 1242 1848 semel

249 1876 284 1934 in
298 1884 404 1947 textu,
426 1871 519 1932 bisin
532 1879 622 1945 note,
643 1870 696 1930 rbi
711 1870 793 1930 nihil
807 1874 934 1932 mutaui.
946 1907 987 1921 --
1009 1873 1084 1932 Cod.
1100 1895 1128 1934 ε.
1142 1877 1242 1952 πρίσ-

250 1965 360 2044 βευσιν
386 1955 520 2030 omittit‚
552 1953 588 2011 in
608 1955 737 2030 ceteris,
766 1955 794 2014 si
815 1956 953 2036 excipias
972 1967 1134 2018 occentum
1157 1955 1243 2016 vocis

249 2044 433 2126 πρεσβείαν,
454 2036 650 2100 consentiens
665 2057 738 2098 cum
752 2047 843 2100 textu
856 2038 1026 2101 Koenieuo.
1046 2039 1108 2100 Sed
1116 2039 1191 2100 Cod.
1201 2041 1243 2114 b.‚

249 2129 295 2186 sic
315 2126 394 2186 haec
414 2120 627 2203 superioribus
648 2120 794 2202 iungens:
822 2117 955 2202 Ἀχαιοί.
993 2122 1057 2198 τήν
1072 2124 1242 2224 καταβοήν

249 2207 454 2292 ναεαβόησιν
477 2208 622 2285 λέγουσι,
644 2212 702 2266 καὶ
718 2203 776 2280 τήν
797 2204 931 2284 ἀγάπην
950 2205 1126 2292 ἀγάπησιν.
1148 2233 1167 2270 o
1184 2215 1242 2270 nol

250 2295 374 2380 μᾶλλον
397 2298 431 2354 ἐν
454 2285 642 2374 Θουκυδίδη.
676 2286 818 2368 Denique
836 2289 911 2350 Cod.
932 2312 959 2352 c.
981 2297 1023 2355 ot
1034 2289 1169 2356 Ἀττικοὶ
1184 2291 1242 2368 τήν

249 2380 424 2460 πρεσβείαν
444 2375 634 2453 πρίσβευσιν
651 2374 793 2449 λέγουσι,
821 2377 879 2462 sul
894 2397 923 2434 τ.
946 2374 1116 2460 καταβοήν
1136 2401 1240 2438 κατα-

248 2461 380 2602 βόησιὸν,
407 2479 438 2519 κ.
462 2481 487 2518 τ.
504 2450 638 2534 ἀγάπην
659 2453 844 2534 ἀγάπησιν,
866 2459 1063 2544 καὶμᾶλλον
1082 2461 1242 2526 Θουκυδί.

290 2570 315 2613 ς.
360 2559 467 2602 θείην.

247 2546 346 2708 «low
377 2621 588 2708 πρέσβευσον]
607 2621 717 2686 Priora
739 2625 849 2686 absunt
870 2627 998 2689 aVotic.
1017 2631 1072 2710 qul
1092 2632 1241 2701 mendose

246 2711 307 2788 seir
321 2706 506 2794 νοπαβολήν
520 2705 729 2792 καιαβόησιν.
757 2709 795 2770 H.
803 2709 898 2772 Curio
920 2722 952 2772 et
966 2713 1117 2775 Velderus
1131 2715 1242 2775 edide-

246 2805 325 2858 runt
349 2791 406 2870 τήν
431 2790 614 2876 κοιταβολην
643 2791 871 2878 καταβάλησιν.
910 2797 1167 2878 corruptissimus
1195 2807 1241 2859 est

248 2879 354 2942 Schol.
371 2876 564 2958 Thucydidis
578 2874 619 2934 sd
633 2877 669 2936 L.
685 2877 708 2938 1.
730 2899 761 2958 p.
778 2878 836 2956 49,
857 2897 907 2958 27.
929 2875 979 2943 dec
996 2884 1019 2956 η
1034 2888 1238 2968 πρέσβευσις,

247 2961 499 3045 ἢικοπαβάησις,
520 2964 577 3020 καὶ
596 2957 633 3022 τά
647 2960 805 3044 καταβοή,
826 2961 920 3041 παρά
943 2965 1121 3054 Θουκυδίδη
1141 2967 1239 3035 ἰδίως.

246 3047 399 3129 Equidem
421 3065 461 3104 ex
482 3040 597 3104 Nostro
618 3045 759 3125 suspicor
777 3046 944 3125 legendum
968 3045 1058 3125 ὅιιή
1083 3057 1242 3134 πρέσβειον.

247 3136 437 3215 πρέσβευσις
442 3175 453 3204 ,
476 3128 573 3214 κοίη
597 3151 682 3196 κοντα
716 3127 797 3204 ἠσις
815 3131 963 3215 καταβοή
979 3157 1015 3195 π.
1035 3137 1071 3197 Θ.
1091 3143 1113 3195 l.
1145 3137 1238 3196 Certe

247 3221 437 3298 πρέσβευσις
449 3223 480 3274 et
495 3209 682 3295 καταβοηΤ
729 3213 858 3292 cydidee
874 3226 961 3292 sunt,
982 3229 1131 3298 tunquam
1143 3220 1238 3279 nimie

244 3301 495 3360 Poeticauotata
504 3295 655 3376 Dionysio
662 3293 761 3354 Helio.
771 3297 841 3358 Vid.
858 3297 992 3382 Interpr.
1008 3303 1049 3362 ad
1063 3304 1168 3364 locum
1182 3303 1237 3362 cit.

245 3380 457 3464 Καταβόησις
471 3392 518 3441 est
536 3380 569 3439 in
583 3377 723 3461 Epistola
738 3375 957 3443 Themistoclis
971 3385 1025 3445 x1.
1039 3386 1099 3468 [Et
1112 3389 1146 3447 in
1160 3387 1239 3446 Phi-

244 3468 320 3527 lone
334 3465 455 3528 aduere.
466 3464 615 3525 Flaccum
633 3463 837 3545 'r.11.p.'537.
854 3466 904 3526 23.
928 3467 1070 3552 Seruum]
1098 3473 1139 3533 Vt
1152 3471 1236 3532 idem

246 3570 320 3609 oum
341 3547 513 3608 Scholiaste
533 3547 697 3608 emendato
716 3548 832 3610 Noster
853 3551 1033 3630 tradiderit,
1067 3557 1236 3617 mutandus

244 3631 376 3718 paulum
390 3632 545 3691 estordo:
573 3631 638 3706 Την
657 3636 827 3716 πρέσβειον
838 3659 870 3696 π.
886 3644 943 3699 καὶ
957 3637 1015 3715 τήν
1030 3641 1236 3726 ναταβόησιν

244 3713 429 3798 καταβοήν,
451 3715 545 3776 modo
560 3714 625 3795 ipse
642 3716 700 3776 sibi
712 3717 941 3782 Grammaticus
955 3723 1141 3787 constiterit.
1170 3725 1237 3786 Ne-

244 3819 303 3881 que
320 3799 455 3882 ἀγάπην
468 3819 555 3874 vero,
571 3819 671 3880 neque
686 3798 850 3883 ἀγάπησιν
862 3804 896 3864 in
904 3804 1086 3891 'thucydide
1104 3811 1235 3873 obuium

243 3884 346 3946 hebui.
367 3883 433 3944 Hoc
447 3894 549 3945 sutem
565 3883 778 3948 recentiorum
795 3908 869 3963 esee,
890 3909 949 3970 pro
961 3891 1085 3976 ἀγάπη,
1108 3907 1141 3956 et
1150 3897 1233 3957 [³111.

242 3968 344 4032 blichi
365 3969 404 4052 de
426 3970 461 4030 V.
490 3967 583 4051 Pyth.
606 3967 636 4030 S.
658 3971 709 4052 94.
732 3971 841 4037 docuit
862 3995 912 4036 me
934 3967 1098 4061 praecidis
1119 3983 1246 4062 summi:
