2544 4320
108 113 489 178 counsnrlrio
511 112 967 182 sssssocasrfflcs.
1012 125 1073 203 7as

5 339 31 358 „.
48 261 217 350 Scerm.
234 288 304 369 249.
328 280 429 349 Conl.
452 283 596 372 Gregor.
615 309 650 375 p.
666 287 738 354 245.
753 307 801 374 sq.
816 291 851 349 et·
864 286 937 372 378.
952 289 994 356 de
1009 310 1071 356 vo·

7 407 15 414 -
37 371 126 451 „Q
137 368 274 438 inesto.
317 368 356 434 ln
373 371 618 455 exemploillo,
637 368 707 436 a'ssd
719 375 923 460 μεταφορᾶς
936 374 1001 438 τῶν
1015 397 1069 439 τε·

61 441 260 535 θτηιιοίνων
275 451 403 535 (Schol.
423 455 459 516 in
474 453 637 519 Aeschin.
662 476 692 540 p.
708 455 778 542 756.
800 457 851 522 ed.
871 453 1003 544 Reisk.)
1022 456 1069 522 si·

18 587 30 624 2
53 533 149 604 {mul
167 538 413 603 attendendum
429 537 673 626 compendium
693 537 948 627 praepositionis
965 538 1053 607 sad

8 669 24 682 “
140 657 189 722 De
219 656 421 721 confusione
448 654 534 742 signi
568 655 830 746 tachygraphici
856 655 1003 739 syllabae
1021 637 1066 728 osi

61 755 152 808 Qum
172 741 289 806 littera
307 738 422 828 Alplso
437 740 514 804 vide
532 739 621 806 iufra
640 741 725 806 benc
739 741 916 830 syllabam.

6 849 18 890 :
137 823 253 912 Alplzo
279 846 473 890 connexum
499 847 579 891 cum
612 825 761 892 Garama
788 848 830 892 eo
855 827 1063 914 compendio

1 939 8 944 ”
70 908 359 1060 ἶῗὲἰῗῖὲθῖἳῗ
389 908 1013 1080 tttdt”ltgtt'ttttttltnttt
1035 995 1062 1060 n

6 1122 14 1128 “
66 1111 191 1180 litteris
214 1109 396 1178 intercedit
414 1131 495 1177 cum
517 1112 647 1200 syllaba
676 1136 715 1197 ay
736 1111 837 1192 (conf.
851 1134 950 1180 voces
968 1116 1064 1200 μεγὲ·

72 1200 131 1264 ὕει
152 1208 189 1262 ct
209 1197 377 1283 ἐγχειρεῆι
401 1206 437 1260 vt
462 1219 562 1261 nemo
589 1195 708 1262 mirari
737 1197 873 1284 debeat,
912 1200 1060 1266 lectores

1 1329 6 1335 -
93 1304 194 1346 arum
214 1292 361 1345 attentos
388 1290 449 1344 ant
478 1280 595 1346 doctos
617 1281 733 1346 ambas
760 1281 909 1368 syllabas
933 1281 1061 1348 confu-

1 1417 2 1421 ,
69 1308 162 1431 iisse.
189 1388 217 1430 v.
244 1363 386 1460 Gregor.
406 1387 440 1450 p.
465 1367 533 1431 132.
577 1367 674 1446 Quae
695 1363 732 1429 in
752 1363 1059 1432 obseruationibus

67 1447 298 1518 Miscellaneis
311 1448 382 1512 1ttic
396 1448 507 1513 citatis
526 1449 714 1538 Vol.1X.p.
733 1469 799 1515 raa.
816 1464 1001 1517 monentur
1016 1451 1059 1517 de

67 1594 115 1654 ay
131 1581 173 1668 'et
195 1593 245 1652 sy,
264 1565 325 1631 nisi
353 1567 481 1650 figurae
503 1569 663 1634 accedant
691 1565 760 1635 seri
783 1567 886 1633 incisa
941 1568 1060 1634 obscu-

67 1655 200 1719 rissrma
220 1663 308 1716 sunt.
347 1651 421 1716 Nec
443 1652 603 1717 clariores
616 1662 706 1735 sunt,
728 1673 809 1739 quas
823 1651 903 1718 Reis
927 1652 978 1718 ias
1003 1651 1059 1718 hic

65 1751 99 1804 et
122 1737 196 1802 illic
219 1736 312 1800 dedit
339 1735 581 1824 descriptiones
601 1735 788 1825 scripturae
804 1735 979 1822 ,Codicum
1000 1757 1060 1800 ve·

65 1836 250 1900 iustorum,
273 1819 460 1907 perexiguo
484 1833 543 1886 aut
565 1819 678 1908 potius
701 1820 821 1900 nullo,
842 1830 878 1886 vt
897 1820 1058 1904 arbitror,

65 1907 182 1972 fractu
204 1905 382 1970 lectorum.
430 1903 509 1969 Vno
539 1904 706 1991 defungar
739 1903 911 1988 exemplo.
953 1902 1059 1968 Scho-

64 1991 109 2056 lia
130 1990 176 2054 ad
197 1988 406 2054 Aeschinem
428 1984 553 2076 (Oratt.
577 1987 696 2054 Graec.
718 1986 798 2052 Vol.
819 1985 875 2051 111.
894 2009 927 2075 p.
952 1989 1055 2073 753.):

63 2078 167 2140 τοῦτο
189 2075 242 2150 (τὸ
271 2071 477 2156 ὁλόσχοινον)
501 2080 585 2152 τινὲς
614 2073 766 2156 λέγουσιν
786 2059 874 2147 εἶδος
893 2061 983 2136 εἶναι’
1003 2093 1056 2137 τι·

62 2183 121 2236 νος
133 2158 245 2246 φυτοῦ
262 2157 485 2239 ἱμαντώδους,
507 2156 551 2233 ὡς
563 2159 639 2242 περὶ
655 2159 721 2222 τῶν
740 2158 760 2221 λ
825 2155 903 2238 (sic)
923 2156 1014 2237 λέγει
1034 2153 1055 2220 ὁ

62 2243 225 2322 Ποιητής.
268 2240 441 2306 Reiskias:
472 2244 528 2325 ,,λ]
551 2243 606 2307 Sic
627 2241 677 2304 ed.
699 2240 815 2305 Brook
836 2285 844 2301 .
865 2286 874 2302 .
894 2286 902 2301 .
925 2286 933 2301 .
954 2239 995 2308 ln
1019 2263 1056 2306 a·

60 2410 84 2448 „
113 2361 268 2448 ographo
291 2357 416 2424 Goens.
439 2363 459 2426 λ
480 2370 530 2422 est
551 2381 629 2423 curn
650 2381 749 2425 crure
762 2358 951 2446 posteriore
971 2380 1056 2447 peu·

60 2386 120 2532 „lb
144 2443 363 2534 proiectiore,
383 2443 439 2508 cui
462 2442 548 2508 duae
565 2443 712 2510 lineolae
731 2455 949 2530 transuersae,
970 2455 1054 2510 ten-

63 2555 193 2619 „quam
223 2529 355 2616 gemini
382 2527 472 2593 acuti
502 2527 663 2612 insident,
700 2527 855 2594 medium
888 2540 1056 2613 secantes,

64 2637 169 2700 „cum
192 2611 454 2702 superimposito
484 2611 716 2677 circumflexo.
760 2611 914 2679 Videant
942 2611 1053 2696 sigla-

63 2721 169 2784 „rum
196 2719 395 2785 graecarum
421 2695 739 2780 intelligentiores,·
760 2697 841 2790 quid
878 2699 963 2761 haec
988 2691 1055 2758 sibi

61 2783 204 2868 „velit“
248 2781 305 2847 Ex
327 2781 391 2846 hac
410 2779 639 2866 descriptione
661 2782 880 2846 vehementer
901 2778 1006 2844 mirer
1025 2775 1054 2846 si

61 2868 139 2968 quis
162 2889 279 2933 reram
301 2865 323 2934 fi
351 2888 448 2931 uram
462 2861 555 2928 illius
574 2864 771 2952 compendii
792 2861 969 2929 extundat.
991 2859 1056 2926 Ni·

58 2977 89 3018 ss
112 2953 267 3017 multum
285 2888 401 3036 fallor,
422 2949 459 3014 in
483 2947 679 3052 apographo
701 2947 897 3014 Goensisno
920 2945 988 3010 fuis
1007 2956 1057 3008 ta·

60 3038 93 3104 le
116 3035 362 3122 compendium
395 3032 487 3099 vocis
516 3034 663 3117 loyor,
692 3035 789 3119 quale
817 3029 966 3096 ostendit
986 3027 1054 3092 tab.

61 3121 123 3188 ΙΠ.
145 3142 239 3186 num.
262 3119 291 3184 6.
335 3119 436 3185 Certe
465 3119 551 3184 hanc
580 3138 698 3192 rocem
728 3116 787 3182 det
808 3114 892 3180 Ccd.
912 3111 1054 3178 SGerm.

62 3209 149 3295 alp,
172 3227 274 3292 quem
303 3205 344 3270 de
373 3202 438 3266 hoc
474 3203 550 3268 loco
574 3201 737 3265 consului.
782 3198 871 3264 Vsus
890 3221 967 3264 sum
989 3199 1055 3263 hoc

61 3291 242 3378 exemplo,
262 3299 299 3353 vt
320 3286 420 3375 plane
443 3284 681 3374 persuaderem
701 3283 895 3364 lectoribus,
920 3284 1054 3364 polaeo·

61 3399 122 3463 gra
149 3375 246 3440 hiem
273 3372 344 3436 sine
373 3371 567 3438 tabularum
593 3389 775 3434 aeneorum
805 3365 935 3433 auxilio
958 3367 1054 3433 nullo

60 3396 169 3526 molo
200 3458 318 3523 doceri
345 3477 453 3546 posse,
481 3475 569 3520 neue
592 3454 770 3549 quisquam
792 3462 1005 3538 grasaretur,
1025 3448 1054 3514 si

64 3543 186 3626 toties,
229 3540 352 3608 emisse
381 3539 477 3606 omni
506 3535 788 3626 conspendrorum
815 3535 1054 3634 descriptione,

62 3629 194 3696 formas
231 3647 353 3692 eorum
384 3623 421 3690 in
460 3623 582 3691 tabulis
618 3632 878 3708 repraesentatas
905 3631 1054 3686 citarem.

65 3749 118 3816 De
151 3744 282 3824 syllaba
308 3719 357 3830 ἷγ
384 3741 452 3812 boc
479 3741 589 3831 eddo,
619 3741 794 3808 interdum
818 3737 965 3806 similem
985 3755 1056 3801 esse
