2544 4320
66 251 408 317 :ounEN'ra'slo
436 248 885 319 ratuuoonarulcu.
929 257 987 340 761

66 446 120 498 ιιι,
148 444 221 488 non
248 421 338 510 φασὶ
366 421 486 507 μηδεὶς
507 419 607 504 λέγει.
636 443 667 486 v.
693 419 838 510 Gregor.
857 445 897 513 p.
920 427 991 509 aad

402 517 525 530 ¹¹--
613 518 646 528 u—

66 565 114 627 sa,
136 563 201 607 cnr
221 539 371 628 syllabae
394 561 466 613 ειν,
487 560 528 616 ην
553 551 585 603 et
604 562 636 603 ιν
656 538 777 604 iisdem
799 542 890 606 notis
910 545 992 610 sori.

66 643 134 723 tur,
157 623 312 690 nonalia
333 637 397 705 est,
419 645 521 712 qnam
545 623 638 711 quod
660 626 780 691 eodem
802 646 891 692 nono
911 651 992 717 pro·

66 723 164 776 [ratae
193 720 283 774 sunl.

66 831 82 891 l.
111 827 266 916 syllabae
287 805 351 903 Ῑιξ.
407 824 661 916 compendium
702 824 805 890 huius
842 829 993 915 syllabae
1045 851 1050 858 ·

66 913 178 978 odunt
204 934 303 978 voces
330 908 499 995 διηγήσεις
553 913 682 988 πίστεις
691 957 702 991 ,
739 912 896 996 Δωριεῖς,
918 917 992 980 ¹tab.

98 1019 197 1064 num.
232 998 278 1062 ιθ.
306 1006 340 1060 et
372 1018 419 1081 ¹7·
450 1021 468 1063 e
514 996 812 1080 ¹0d.Herm0ge11.
840 1001 993 1094 rpb'33et

66 1117 187 1203 nolog.
214 1114 358 1182 Sorbon.
407 1115 585 1179 Interdum
615 1125 735 1179 notam
762 1113 915 1202 syllabae
951 1098 995 1199 a}

66 1247 205 1322 ‘parunt
232 1256 299 1324 pro
328 1233 462 1321 syllaba
487 1211 566 1317 εἷς
584 1232 674 1329 quod
701 1231 820 1297 ambae
842 1236 995 1318 syllabae

66 1341 111 1382 ιω
136 1342 221 1384 sono
244 1320 567 1408 pronuntiarentur:
599 1315 635 1380 id
657 1316 749 1404 qnod
772 1319 874 1383 modo
900 1319 993 1387 vidi-

85 1433 127 1500 in
150 1435 292 1524 syllabis
314 1459 364 1502 ιιι
389 1448 422 1502 et
442 1457 494 1516 ην.
513 1434 712 1520 Wagnerus
728 1437 771 1501 ad
786 1430 993 1524 Aloiphrou.

91 1520 137 1584 ll.
163 1545 196 1608 p.
222 1539 310 1586 rou:
337 1520 447 1606 ,,τη“ν
467 1520 692 1608 Ἡρακλέους]
714 1521 787 1585 MS.
812 1517 873 1601 τιῖς
892 1519 994 1609 Ἠρα-

66 1607 134 1681 έως.
178 1605 213 1668 Si
244 1605 330 1670 liber
362 1604 424 1669 iste
453 1605 525 1669 MS.
559 1605 721 1690 Berglero
753 1604 903 1670 Vindob.
933 1621 994 1694 est,

66 1690 167 1754 litur.
210 1689 328 1756 Codex
348 1690 410 1755 iste
431 1702 523 1754 reete
542 1688 646 1753 habet
668 1689 740 1769 τήν.
782 1688 927 1777 Signum
943 1705 996 1758 est

344 1861 369 1894 88

66 1948 113 1960 -
144 1909 205 1990 τῆς
232 1924 315 1975 esset
345 1910 403 1972 τ.“
446 1907 577 1973 Sumsit
605 1905 689 1974 hooc
723 1909 923 1993 Wagnerus
949 1933 995 1976 ex

66 2017 214 2059 smauu
235 2015 308 2057 mea
331 1993 479 2090 scriptia,
516 1993 636 2079 quibus
675 2013 839 2057 suxeram
882 1993 997 2060 diuer-

69 2103 131 2146 em
154 2079 345 2168 scripturae
369 2077 672 2145 Vrudoboneusem
695 2079 731 2141 iu
755 2099 854 2142 veum
872 2077 996 2164 optimi

87 2189 109 2228 a
135 2187 189 2229 ma
212 2173 395 2230 euolutam.
438 2162 504 2226 Sed
536 2163 597 2238 τῆς
619 2183 688 2225 non
711 2159 758 2224 sic
781 2161 996 2248 scripseram,

66 2247 231 2338 ypothela
263 2246 365 2354 dedit.
410 2245 512 2328 Quod
535 2244 594 2310 ille
615 2244 726 2328 dedit,
748 2256 799 2311 εει
819 2243 904 2332 reia,
924 2271 999 2312 cor·

281 2373 294 2405 B

66 2441 133 2506 yue
156 2416 307 2484 debete.
349 2415 456 2498 Sane,
483 2425 520 2479 vt
540 2413 645 2480 modo
668 2414 763 2490 dixi,
783 2436 853 2480 non
877 2415 997 2482 desunt

79 2585 92 2620 ,
125 2535 182 2600 vbi
212 2519 450 2626 compendium
475 2532 622 2620 syllabae
649 2514 775 2624 napta
795 2515 998 2622 syllabast}

69 2633 149 2717 lum
178 2631 244 2688 est:
272 2620 329 2686 sed
358 2641 429 2714 non
458 2617 601 2714 memini
620 2620 772 2706 reperire
793 2621 998 2709 exemplum
1091 2653 1093 2662 ·

66 2723 188 2772 narsae
223 2713 517 2772 commutationis.

66 2880 91 2946 p.
113 2857 268 2948 syllabae
287 2837 336 2923 εἰ)
378 2855 656 2920 Vetustissimam
677 2865 796 2918 notam
812 2853 945 2920 huiuss
972 2855 1002 2918 l·

66 2967 94 3009 re
125 2966 264 3009 cernere
294 2942 375 3008 licet
396 2939 431 3004 iu
456 2939 594 3003 vocibus
616 2937 827 3023 ἐλάμβανεν
846 2940 914 3003 nb.
957 2939 999 3004 V.

66 3051 93 3093 a.
110 3031 141 3096 3.
164 3039 198 3091 et
217 3027 385 3094 ἐνταῦθα
406 3023 474 3088 tab.
495 3022 554 3089 lll.
578 3047 674 3088 num.
697 3043 724 3086 2.
757 3023 877 3086 Postea
899 3022 1001 3087 libra·

83 3160 121 3213 vt
142 3146 180 3212 in
201 3145 332 3233 syllaba
354 3123 419 3225 (ἶν’,
442 3143 646 3229 angulosum
669 3139 811 3204 ducrum
831 3136 1003 3204 faciebant

66 3265 211 3330 nudum:
233 3273 442 3349 quapropter
454 3261 605 3348 syllabae
620 3283 656 3325 ιν
670 3270 705 3324 et
719 3281 758 3332 ας
773 3255 892 3322 eodem
909 3278 1002 3323 com·

66 3350 125 3414 dio
148 3346 292 3436 scriptae
313 3357 411 3430 sunt,
432 3368 494 3412 neo
515 3345 669 3430 dignosci
692 3352 850 3427 possunt,
872 3339 934 3404 nisi
952 3343 1004 3406 di·

66 3446 149 3498 uler
178 3431 341 3496 alteudas'
360 3430 483 3496 seriem
507 3427 676 3494 orationis.
719 3423 809 3490 Vide
835 3447 932 3489 voces
952 3423 1003 3491 ἐν·

66 3520 161 3594 θεν,
180 3513 293 3581 οὐδὲν
330 3515 519 3595 foemora,
541 3511 607 3578 tab.
628 3509 691 3575 IV.
712 3533 807 3575 num.
828 3509 859 3574 6.
881 3530 898 3572 e
918 3510 1003 3575 Cod.

66 3626 144 3668 arm.
164 3603 235 3664 345.
279 3565 455 3664 inimum
471 3597 685 3685 exemplum,
694 3605 803 3701 prout
824 3605 1004 3659 contextus

66 3709 187 3754 uorum
210 3685 338 3770 poscit,
358 3683 425 3768 legi
446 3693 560 3771 potest
582 3693 653 3746 tam
675 3701 809 3761 ιιιιιν,
831 3699 934 3765 quam
956 3666 1003 3742 ιῖ-

66 3797 92 3850 ς.
137 3773 235 3850 Quae
258 3770 299 3833 ad
340 3769 487 3856 Gregor.
518 3792 552 3856 p.
577 3765 868 3832 masinissam
890 3783 1007 3828 exem-

87 3887 371 3956 commutationis
402 3886 617 3974 syllabarum
642 3907 677 3951 εν
697 3893 730 3953 et
751 3905 812 3962 ας·,
845 3877 886 3942 iis
914 3891 1008 3944 recte
1055 3959 1057 3964 ι
