3494 4604
435 299 530 350 xxiv
775 265 1114 346 PRAEFATIO

435 481 574 534 muttun
592 460 707 553 abest,
732 479 771 535 vt
784 454 1008 554 pertinaciter
1024 454 1213 532 defendere
1228 461 1368 534 animus
1384 462 1441 556 sit,

435 614 474 672 vt
487 595 525 668 in
539 595 703 694 pluribus
710 591 890 689 Stephano
905 590 1092 690 adsensum
1105 592 1272 690 praehere
1287 626 1360 671 non
1377 596 1444 670 du·

437 729 601 824 biturim,
636 730 703 802 alia
719 729 824 801 etiam
839 747 997 825 peccata,
1032 754 1124 801 ame
1140 727 1379 828 deprehensa,
1406 731 1466 810 in.

439 865 557 939 lucem
574 863 793 963 protulerim.
819 925 824 934 .
845 863 892 936 Et
906 864 987 964 quis
1004 885 1055 938 est
1072 861 1235 963 degente
1252 866 1448 942 Gramma-

443 1002 616 1092 ticorum,
649 1000 714 1098 qni
740 1025 815 1073 non
840 995 1034 1097 aliquando
1061 998 1210 1098 turpiter
1236 1001 1354 1100 lapsus
1376 1001 1447 1076 sit?

446 1133 750 1234 Quandoquidem
772 1153 891 1208 autem
914 1134 1107 1228 nonnulla,
1140 1161 1230 1233 qnae
1251 1135 1449 1236 Stephanus

445 1271 532 1348 vitio
550 1270 657 1348 vertit
672 1269 846 1370 Scriptori
863 1269 1018 1364 Nostro,
1044 1269 1102 1344 vel
1118 1267 1275 1344 excusari
1293 1291 1451 1368 possunt,

446 1408 501 1479 rel
514 1407 594 1479 iure
610 1402 773 1500 defendi,
800 1403 984 1504 equidem,
1002 1427 1041 1480 vt
1055 1404 1202 1482 editoris
1219 1403 1377 1506 partibus
1395 1431 1455 1478 sa-

446 1541 629 1654 tisfaciam,
645 1540 887 1614 Grammatico
898 1542 1075 1649 suppetias
1087 1542 1209 1636 feram,
1227 1566 1268 1615 ac
1282 1531 1454 1638 Stephani

447 1678 644 1752 rationibus
678 1704 772 1752 meas
803 1677 1063 1775 qualescunque
1089 1677 1242 1752 rationes
1264 1697 1453 1772 opponam.

450 1815 592 1891 Etenim
609 1813 660 1888 sic
676 1811 848 1902 existimo,
874 1810 1098 1910 Stephanum
1112 1811 1199 1885 huic
1215 1811 1457 1886 Grammatico

448 1949 646 2049 aliquando
668 1948 776 2022 fuisse
797 1946 890 2020 iusto
914 1946 1132 2045 iniquiorem
1149 1946 1290 2019 duabus
1306 1947 1459 2023 maxime

451 2083 497 2158 de
514 2086 661 2162 caussis:
688 2109 771 2156 cum
784 2079 884 2180 quod
903 2079 1080 2156 editarum
1094 2101 1232 2154 tantum
1252 2081 1459 2176 lectionum,

451 2247 556 2320 saepe
573 2217 938 2316 (tonantissimum,
966 2216 1139 2290 rationem
1157 2212 1341 2311 hahuerit,
1368 2219 1462 2317 opti-

451 2383 533 2448 mo,
559 2381 666 2454 quem
677 2349 895 2450 possidebat,
921 2347 1054 2424 Codice
1067 2349 1246 2448 neglect03
1268 2373 1347 2427 tum
1361 2353 1462 2454 quod

454 2517 580 2566 verum
596 2486 671 2560 eius
686 2483 886 2557 institutum
904 2485 1074 2560 nonsatis
1087 2487 1207 2562 animo
1224 2488 1462 2588 perpenderit.

454 2621 529 2697 Sed
545 2620 583 2694 in
603 2648 676 2696 rem
694 2639 912 2718 praesentem
927 2622 1118 2698 veniamus.

507 2757 672 2831 Primum
697 2753 927 2855 reprehendit
943 2756 1164 2856 Stephanus,
1188 2784 1261 2831 non
1277 2760 1464 2838 minimam

458 2921 584 2969 corum
610 2912 765 2992 purtem,
791 2917 881 2994 quae
900 2890 1081 2968 Dialectos
1104 2913 1278 2992 spectent,
1303 2917 1469 2994 praeter·-

458 3028 603 3103 mi'ssam
627 3028 743 3102 fnisse.

509 3164 654 3239 Vellem
671 3163 763 3238 mihi
786 3162 903 3240 dicere
924 3145 1063 3278 licerct,
1088 3165 1289 3240 uniuersam
1310 3163 1355 3239 de
1373 3165 1467 3239 Dia-

456 3299 558 3374 lectis
580 3301 763 3375 materiam
780 3299 983 3399 plenissime
998 3329 1018 3375 a
1034 3299 1171 3375 Nostro
1187 3320 1464 3374 essetractatam.

401 3449 402 3452 ’
457 3432 531 3508 Sed
556 3437 837 3534 quotusquisque
870 3457 921 3510 est
946 3455 1106 3512 veterum
1131 3436 1467 3529 Grammaticorum,

459 3570 541 3670 qui,
567 3566 666 3668 quod
693 3573 878 3664 tractabat,
911 3591 1160 3671 argumentum
1185 3572 1232 3645 ita
1256 3571 1469 3664 exhauserit,

458 3725 498 3780 vt
511 3701 604 3776 nihil
621 3705 791 3798 aliorum,
810 3703 905 3780 idem
915 3732 1038 3780 saxum
1054 3704 1220 3803 deinceps
1232 3704 1468 3798 uoluentium,

461 3837 664 3938 diligentiae
691 3837 901 3940 reliquerit)
953 3842 1035 3941 quis
1050 3865 1208 3913 messem
1233 3836 1282 3914 ita
1307 3839 1468 3938 collegit,

461 3975 605 4050 trullum
620 3995 658 4051 vt
679 3997 884 4076 superesset-
898 3973 1149 4074 spicilegium?
1166 3971 1331 4064 Quando
1344 3994 1466 4052 autem
1489 4055 1492 4060 ,
