2544 4320
75 256 439 323 uouitEN'ri'rio
466 253 909 322 Pitauouuiii‘fflci.
951 264 1013 346 739

31 425 265 528 uiip'Vnus
295 447 314 492 e
344 425 506 512 Gregorii
536 424 717 492 Codicibus
746 423 887 527 xdloirp
905 425 1012 528 babet

30 507 491 666 iilusndilddddudisidnlbds
502 510 1009 693 ⁸¹iialiiiiligiiipiliiiiiorll'ddiliisili:

30 705 95 766 cas,
115 702 217 777 quam
241 689 379 776 attentis
399 679 505 745 oculis
531 679 637 776 libros
663 700 767 743 manu
789 680 932 766 scriptus
954 681 1009 746 in-

30 777 176 852 pexerit,
196 784 370 829 verissime
388 765 432 829 ad
463 763 639 830 Chariton.
659 785 692 850 p.
713 762 785 828 330.
808 763 892 829 haec
913 777 1010 831 nom.

30 884 84 950 iit:
104 881 253 968 „Manus
276 879 495 947 describentis
519 859 543 946 l
563 879 612 962 (iii
629 900 713 946 voce
734 873 869 965 ἕληται)
891 882 938 947 ita
960 883 1008 950 ef·

28 999 209 1084 ,formauit
230 997 459 1072 demittendo.
487 1009 527 1064 vt
546 977 579 1085 χ’
598 1020 666 1062 uon
691 996 876 1066 difficulter
895 1020 1012 1068 euase-

29 1084 98 1169 ,rit,
119 1095 154 1148 et
176 1082 225 1148 ita
248 1080 363 1170 ἔχηται
385 1084 544 1148 videatur
567 1081 718 1148 haberi.“

76 1198 236 1286 Denique
257 1199 367 1266 scriba
388 1195 525 1265 Codicis
548 1197 689 1264 SGerm.
721 1200 792 1265 345.
813 1200 966 1269 litterum
979 1183 1009 1198 ’-

29 1283 117 1350 itiam
144 1284 193 1348 sic
222 1282 339 1392 pingit,
369 1295 404 1351 vt
433 1284 637 1350 nonaullam
664 1282 786 1350 habeat
813 1284 1008 1358 similitudi·

27 1424 95 1469 iem
117 1424 198 1468 cum
226 1425 255 1466 a.
277 1423 307 1466 v·
337 1403 405 1467 tub.
427 1401 469 1474 11.
498 1423 593 1468 num.
616 1401 664 1468 ι6.
686 1413 720 1467 et
745 1423 791 1491 ¹7·
835 1401 876 1468 lii
897 1407 1008 1493 Apol.

29 1487 111 1553 onio
140 1511 174 1576 p.
201 1487 274 1552 204.
297 1483 510 1552 Villuisonus
538 1487 617 1573 τροῦ
637 1486 721 1573 legit
744 1509 805 1574 pro
829 1495 959 1576 τροχῶν.
974 1516 1005 1561 v.

28 1603 175 1694 Append-
199 1627 229 1692 p.
251 1623 314 1688 aa,
337 1603 394 1669 'vbi
414 1603 562 1670 formam
575 1604 673 1670 illam
689 1603 836 1669 litteram
858 1631 882 1692 χ
902 1618 1005 1696 typo·

27 1689 131 1754 ,hetae
153 1711 223 1752 noii
239 1687 338 1752 licuit
353 1689 445 1787 typis
465 1687 533 1753 suis
555 1687 702 1754 fideliter
720 1689 880 1754 reddere:
902 1714 1005 1794 quem

27 1772 190 1837 lefectum
219 1793 311 1836 uunc
337 1771 435 1837 l'acile
462 1773 643 1859 supplebis.
696 1773 877 1837 Articulus
898 1779 1005 1857 οκνεῐ,

27 1855 171 1941 idtnssus
187 1853 264 1940 ἔχει,
284 1878 302 1920 e
315 1854 451 1921 Timaei
460 1856 592 1920 Lexico
607 1855 782 1921 Platonico
794 1869 929 1921 sumtus
945 1873 1004 1926 est.

182 1939 272 2006 Vide
289 1939 391 2005 etiam
406 1941 447 2005 de
460 1939 686 2005 similitudine
697 1939 921 2027 superscripti
937 1943 1005 2011 Chi

181 2079 261 2122 cuni
282 2069 362 2124 nota
376 2055 639 2146 turhygraphica
653 2054 805 2144 syllabae
819 2033 883 2154 ’.ω-ν’,
900 2081 1007 2158 quan.

180 2143 225 2207 do
253 2141 340 2208 hauc
372 2153 490 2207 notam
515 2152 632 2207 acutus
661 2151 863 2230 pertransit,
912 2141 1007 2214 inii-ii

181 2223 268 2290 hanc
288 2225 465 2314 syllabam.

80 2327 163 2395 Pri
183 2324 220 2390 in
247 2325 414 2412 scriptura
441 2323 578 2390 Codicis
605 2323 713 2389 Pelet.
734 2324 807 2412 398.
829 2337 862 2391 et
883 2329 1008 2398 unciali

26 2424 50 2479 u
67 2408 261 2477 minuscula
278 2407 323 2472 sic
339 2408 528 2557 alliniiltupff
549 2421 587 2475 vt
601 2407 786 2473 ostendunt
803 2432 902 2476 voces
921 2415 1007 2500 ydus,

235 2491 291 2514 ὶΙΝ
426 2487 431 2494 “

26 2498 204 2582 ιέμψηται,
233 2509 375 2582 eppinus
401 2494 468 2558 tab.
567 2513 745 2579 num.17.
809 2483 902 2560 Hillo
932 2511 1008 2567 urta

26 2611 175 2678 confusio
196 2607 299 2674 liuius
323 2608 456 2676 litterae
483 2631 561 2675 cum
588 2635 619 2696 r,
641 2608 776 2694 quando
800 2611 920 2680 ductus
939 2640 1006 2683 su·-

26 2721 79 2785 ier
102 2698 227 2762 liueiim
251 2705 424 2779 porrectus
437 2693 586 2777 euanuit,
608 2705 667 2759 aut
689 2693 735 2756 ita
756 2698 868 2760 tenuis
887 2713 949 2784 est,
968 2713 1007 2769 vt

26 2783 136 2847 iculos
158 2779 278 2857 fugiat
300 2799 331 2844 v.
355 2778 468 2844 Erist.
491 2801 523 2866 p.
550 2783 616 2863 ¹47·
639 2776 738 2842 Cuul.
759 2781 824 2844 tali.
847 2781 886 2844 ll.
910 2805 1004 2852 num.

26 2889 49 2932 ι.
70 2887 101 2928 v.
118 2863 316 2949 μετάληψις.
380 2804 435 2926 iic
465 2871 719 2948 commutantur
746 2864 838 2962 ψυχή
861 2877 896 2929 et
916 2867 1008 2954 τύχη,

26 2947 165 3036 εὐψυχία
187 2959 222 3012 et
241 2947 298 3012 sv’t
340 2947 387 3030 iu,
410 2947 451 3011 de
474 2969 539 3043 qua
562 2956 829 3014 commutatione
847 2968 879 3015 v.
898 2949 1009 3037 iiipri·

26 3038 84 3100 uiie
107 3031 279 3098 Schacler.
300 2971 419 3096 lileliu
441 3031 525 3095 cru.
550 3052 579 3116 p.
603 3053 670 3115 ¹¹7·
692 3051 761 3118 sqq.

88 3113 261 3205 Omegu.
304 3115 379 3196 Qua
407 3137 499 3180 nunc
524 3113 560 3179 in
587 3112 710 3181 unciali
733 3113 916 3204 alphabeto
937 3115 1010 3184 ior·

26 3227 77 3270 ma
102 3201 204 3266 buius
226 3200 358 3266 litterae
383 3198 521 3278 utimur,
542 3198 578 3266 in
601 3196 783 3265 Codicibus
804 3222 888 3286 quos
912 3217 1010 3270 retu·
1094 3255 1098 3266 .

26 3301 92 3354 itos
109 3286 187 3352 dico
206 3305 270 3351 nus
295 3305 375 3349 uam
389 3283 545 3350 occurrit.
589 3282 740 3349 Librarii
763 3284 931 3352 Codicum
948 3288 1010 3353 Pa·

26 3375 80 3438 tut.
103 3372 176 3458 398.
197 3379 232 3435 et
254 3307 386 3434 Platon.
421 3370 508 3456 1807.
534 3366 707 3456 quomodo
729 3367 765 3433 iu
788 3369 910 3438 ruciali
928 3372 1011 3438 scri·

26 3470 125 3544 ptura
155 3455 288 3539 Omega
317 3451 467 3518 formare
497 3454 640 3540 soleant,
671 3453 853 3521 ostendunt
881 3457 947 3523 tab.
967 3457 1010 3524 II.

26 3562 120 3605 uum.
142 3541 171 3605 6.
200 3549 236 3603 et
257 3535 324 3602 tab.
347 3534 407 3602 vl.
431 3559 525 3601 num.
554 3559 599 3621 ¹7·

85 3623 127 3688 In
149 3622 233 3688 cod.
260 3620 404 3686 SGerm.
432 3622 502 3688 345.
537 3619 668 3710 Omega
698 3621 908 3692 minusculae
930 3625 1012 3692 scri·

45 3719 145 3773 turae
172 3705 300 3773 accedit
327 3705 369 3772 ad
395 3703 499 3793 Betu,
536 3728 616 3772 cum
644 3729 751 3794 eoque
779 3707 1012 3775 confunditur.

26 3730 68 3858 ζ’.
90 3815 195 3880 supra
221 3789 317 3855 Beta.
360 3787 431 3854 Iam
459 3813 538 3855 cum
567 3790 632 3857 hoc
657 3790 737 3858 Beta
753 3793 870 3891 ‘simile
892 3793 937 3857 sit
956 3791 1013 3888 lii·

26 3890 118 3946 terae
141 3876 274 3968 Alphe,
294 3895 377 3948 cuni
403 3897 471 3968 qua
499 3874 576 3946 ideo
596 3875 764 3944 confundi
783 3878 910 3944 ibidem
931 3875 1016 3945 vidi·

716 3961 849 4038 Aeas
