2498 4598
336 331 402 394 also
443 319 723 386 orneorlvs
743 319 803 385 DE
825 318 1077 386 DIALECTO
1097 321 1245 384 nome

277 499 279 506 ’
338 497 410 581 763.
426 516 487 578 quo
503 493 675 578 Hesychius
689 491 873 576 respexerit,
896 490 990 552 modo
1004 491 1037 552 in
1054 512 1091 554 eo
1104 493 1231 572 legatos

339 607 431 656 σακι,
453 579 620 656 πασσάλῳ,
641 581 694 641 vel
707 579 748 656 τῷ
756 576 930 654 πασσάλῳ,
950 596 1014 635 non
1029 582 1221 655 πασσακίῳ.

339 687 436 748 quens
452 661 536 728 όκκα
557 659 637 748 [ὅκα
653 663 746 746 Reg.]
766 673 812 724 est
832 683 873 724 ex
888 659 1020 722 Acheru.
1042 681 1088 721 ve.
1106 661 1181 741 762.
1198 683 1249 742 pr

334 749 432 824 Οἵκοι,
452 745 536 814 ὅπου
553 747 664 812 vitiose
681 746 842 810 adnotauit
857 743 992 826 Hesych.
1002 744 1041 805 ad
1056 766 1155 826 quem
1170 749 1248 806 mal

337 837 429 916 gessit
449 833 590 906 Guietus,
611 833 830 896 vsitatinimse
850 828 1052 891 Doriensibm
1074 831 1248 910 particula

337 939 470 980 memor.
493 913 564 978 virt
583 937 679 995 snpra
699 915 727 1000 ξ.
749 916 785 977 V.
807 913 908 990 Korn,
952 913 1121 974 verissime
1146 913 1232 974 Koe

337 1002 496 1084 Hesychio
510 1001 588 1081 legit
605 998 750 1064 πάσσακι
765 1003 837 1084 (pro
848 995 1052 1078 πασσακίῳ),
1075 999 1241 1079 πασσάλῳ

336 1088 482 1168 protinus
494 1084 527 1144 in
542 1084 714 1167 eodemque
726 1105 822 1146 versu
841 1085 978 1164 iungam,
1000 1081 1039 1144 Is.
1054 1081 1170 1144 Vossio
1183 1104 1243 1162 prs

272 1201 277 1213 ·
336 1181 381 1246 te,
400 1169 558 1232 πάσσακοι
574 1171 648 1251 (pro
658 1164 854 1253 πάσσακοκ),
875 1164 1053 1230 πάσσαλοκ.
1097 1165 1154 1226 Sic
1169 1170 1249 1239 Gre

338 1255 410 1316 Cor.
429 1253 596 1316 Πάσσακοι
611 1251 667 1317 τόν
684 1253 856 1317 πάσσαλοκ
876 1255 1010 1330 λέγουσι.
1052 1249 1246 1312 Scholiasta

336 1338 516 1418 stephanis:
539 1333 707 1413 Πάσσακι,
727 1335 1087 1419 ὑποκοριστικῶς,
1110 1335 1159 1412 τῷ
1173 1359 1245 1398 πασ

335 1422 490 1484 Similiter
510 1421 584 1484 Lex.
608 1421 665 1482 SG.
689 1421 775 1504 quod
798 1419 893 1506 ἄλλος
918 1417 1112 1505 άλφάβητος
1133 1420 1249 1480 inseri

336 1505 461 1592 Βάμά
470 1507 497 1582 ξ,
518 1505 772 1587 ὑποκοριστικῶς
790 1503 938 1590 όμῶμος
955 1507 1051 1590 (corr.
1080 1505 1098 1567 ὁ
1124 1503 1242 1590 βωμός

338 1595 375 1659 Ν
379 1591 459 1666 έαξ,
481 1591 590 1659 ‹indoc-
615 1590 783 1672 Νικοφῶν.
830 1590 914 1654 Vnus
936 1587 1238 1650 Commentatorum

335 1675 417 1758 nysii
428 1673 572 1751 'l'hrscis,
595 1695 672 1756 qnos
689 1685 778 1737 tenet
794 1673 903 1736 Codex
918 1672 988 1734 Vat.
1006 1673 1072 1746 14„
1095 1674 1143 1734 sic
1169 1673 1242 1734 trad

336 1799 443 1874 τρίτοι·
458 1789 538 1879 (τῶν
553 1788 807 1874 ὑποκοριστικόν
825 1790 938 1875 τύπος)
957 1797 1002 1859 εἰς
1019 1795 1069 1866 αξ,
1090 1790 1136 1858 ὠς
1159 1789 1245 1852 Ῥό

334 1876 472 1951 Ῥόδιος,
493 1883 551 1940 καλ
566 1876 775 1952 πλούταξό
793 1875 953 1944 πλούσιος.
996 1875 1033 1936 Η.
1048 1875 1232 1956 Stephanus

335 1962 438 2041 111.p.
454 1977 525 2040 721.
538 1961 577 2022 D.
596 1972 826 2024 commemorat
841 1959 938 2044 ρόδαξ
960 1959 1238 2020 vtdiminutinum

336 2045 442 2128 ρ’όδοκ,
462 2045 611 2106 sedidem
622 2045 702 2106 haec
717 2045 821 2107 addit:
853 2043 971 2125 ,ῥόδαξ
991 2064 1030 2104 sn
1043 2042 1107 2103 dici
1123 2044 1226 2124 possit
1248 2092 1249 2095 ¹

334 2152 417 2204 rosa,
436 2131 551 2202 rosula,
572 2129 693 2190 dubitet
704 2130 812 2190 forsan
824 2129 986 2210 quispiam,
1007 2128 1110 2193 donec
1122 2129 1232 2208 aliquo

247 2270 254 2286 x
335 2214 443 2276 monio
456 2233 529 2274 rsus
544 2213 825 2274 diminutiuihuius
839 2213 1040 2273 confirmatus
1054 2212 1191 2273 suerit.“
1223 2213 1247 2273 tt

336 2297 464 2381 ῥόόαξ
479 2298 572 2356 etiam
586 2298 619 2360 in
635 2299 779 2358 Dracone
790 2295 1015 2358 Stratonicensi
1029 2303 1105 2376 περὶ
1119 2301 1247 2381 μέτρων

220 2451 223 2458 ,
335 2380 464 2458 ητικῶν,
495 2380 583 2440 cuius
608 2381 682 2440 libri
700 2391 824 2460 partem
841 2382 905 2440 iam
927 2380 1045 2440 editam
1058 2379 1249 2442 habemusi

334 2465 417 2545 gulis
429 2465 468 2524 de
482 2465 629 2544 prosodia
643 2465 681 2524 ab
696 2463 874 2527 Hermanno
891 2463 1042 2544 euolgatis
1063 2464 1116 2543 (de
1132 2485 1242 2526 emen

333 2567 382 2628 gr.
399 2569 445 2630 gr.
464 2547 506 2608 sd
525 2549 624 2630 οπλα).
667 2547 727 2609 Ρτο
743 2549 781 2607 iis
794 2569 873 2630 qnae
884 2547 1081 2610 Hermannue
1100 2549 1195 2610 dedit
1215 2571 1246 2630 p.

334 2629 364 2717 ᾗ.
377 2631 511 2730 63.1.43
522 2653 556 2709 s,
579 2633 880 2714 Drseohabethsec:
902 2629 1087 2717 α’όιάφοροκ
1101 2633 1169 2713 ἔχει
1185 2633 1241 2700 τόν

334 2755 392 2798 κον
415 2729 473 2795 τοῦ
492 2758 525 2810 α,
548 2733 619 2797 οἷον
644 2731 755 2818 κόραξ,
787 2733 896 2810 κόλαξ,
918 2732 1040 2818 χάραξ,
1069 2731 1178 2808 δόναξ,
1199 2733 1244 2815 ῥό

335 2814 452 2897 φύλαξ,
475 2818 566 2893 ἄναξ,
587 2816 680 2904 βόαξ,
701 2817 823 2904 ὄμφαξ,
845 2819 982 2901 φόρταξ,
1004 2817 1126 2898 φέκδαξ
1140 2820 1211 2901 (sic,

334 2903 420 2984 ναξ).
462 2901 540 2963 Item
555 2902 728 2978 πλούταξ
743 2902 904 2984 reperitur
914 2899 988 2963 ibid.
1003 2923 1033 2983 p.
1052 2903 1125 2962 434.
1141 2903 1229 2962 Adse

333 2987 441 3049 locum
459 3009 477 3048 a
494 2986 651 3048 Dracone:
671 2983 735 3051 όσα
753 2993 862 3073 μέντοι
876 2984 939 3068 ἔχει
954 2985 1091 3067 τήκπρό
1109 2991 1221 3055 τέλους
1246 3022 1249 3043 ι

334 3102 481 3191 μακράν,
498 3103 656 3191 άρσικικά
670 3103 758 3183 ὄντα,
778 3113 837 3170 καὶ
851 3106 888 3171 τό
909 3131 932 3170 α
949 3109 1036 3170 θέλει
1055 3103 1138 3186 ἔχειν
1162 3111 1247 3168 tum

335 3213 407 3265 κον,
429 3191 472 3260 ὠς
485 3190 548 3272 ’ἔχει
563 3189 600 3255 τό
611 3192 747 3267 Φαίαξ
761 3193 818 3275 (sic
831 3192 998 3274 legendum
1009 3212 1067 3274 pro
1075 3191 1161 3251 edito
1176 3189 1227 3269 φ’

335 3277 409 3348 λλαξ
421 3277 479 3358 (sic
493 3277 666 3360 corrupte),
687 3274 821 3360 κράμαξ
837 3277 892 3361 (cs.
908 3275 1042 3358 Hesych.
1062 3273 1208 3361 κράμαξ,
1235 3304 1240 3325 ι

331 3361 466 3439 λίθων),
492 3357 621 3442 θώραξ,
657 3364 747 3438 οἴαξ,
782 3360 978 3436 πλούταξ,
1008 3359 1140 3446 βιόμαξ,
1168 3381 1216 3422 κν

331 3441 432 3586 Sapnd
448 3443 616 3508 Hermann.
631 3443 913 3528 οοστιιρῐοκάόαξ).
956 3445 1097 3524 Denique
1105 3444 1168 3505 huc
1185 3443 1249 3504 res·

357 3547 384 3599 a,
408 3528 491 3606 quod
505 3527 672 3611 Gregorius
688 3530 831 3592 Corinth.
847 3531 886 3590 de
903 3529 985 3592 Dial.
1000 3529 1087 3592 Aeci
1102 3521 1132 3617 ᾗ.
1143 3527 1244 3589 LXVI

333 3611 398 3685 bet,
419 3610 568 3694 ἡψῆφος
583 3613 740 3696 ψάφοιξ,
762 3625 794 3676 et
816 3616 960 3696 σχίόαξ
980 3619 1011 3699 (a
1030 3613 1124 3694 σχλόη
1143 3633 1167 3672 ⁸.
1193 3635 1248 3693 σχι

333 3695 419 3774 quod
427 3694 773 3761 Pseudo-Herodianus
783 3699 848 3763 MS.
860 3701 903 3761 sic
919 3702 1168 3782 interpretatur:
1190 3696 1229 3761 sd

333 3803 383 3864 μοι
403 3780 459 3843 τοῦ
469 3779 574 3858 ξύλου,
594 3789 651 3844 καὶ
665 3787 804 3848 κλίνεται
819 3785 979 3866 agitems.

374 3864 482 3926 Monet
499 3887 549 3926 me
569 3866 629 3927 hoc
651 3867 773 3947 σχίόαξ,
801 3880 836 3930 vt
851 3871 965 3930 vitium
984 3869 1161 3944 emendem,
1184 3887 1246 3948 qno

333 3959 466 4034 vtrsque
486 3949 597 4014 Lexici
613 3951 852 4018 Schneideriani
873 3955 1010 4019 editione
1019 3976 1054 4020 τ.
1070 3957 1198 4039 οχιζίασ
1208 3973 1244 4015 re
