3494 4604
471 343 618 397 xxxttut
706 370 709 376 -
791 311 1132 392 PRAEFATIO

549 501 676 576 Oblata
698 500 954 601 opportunitate
970 503 1140 577 Veterum
1157 500 1378 598 Scriptorum
1396 496 1455 570 lo-

474 639 542 730 cis,
568 638 699 736 quibus
720 637 776 708 vel
801 634 952 707 Dialeoti
975 634 1111 708 inscitia
1132 633 1322 725 nocuisset,
1350 629 1457 729 quiue

475 771 578 845 aliam
599 773 646 845 ob
665 770 833 843 rationem
856 770 934 841 labe
947 766 1098 868 quadem
1114 767 1233 842 insecti
1244 763 1458 855 riderentur,

475 903 683 980 medicinam
696 904 807 978 facere
824 903 962 976 tentaui.
1004 903 1174 1010 Rectene,
1199 929 1243 974 an
1258 926 1367 1012 secus,
1394 922 1461 997 pe-

476 1065 536 1114 nes
550 1039 636 1110 alios
652 1058 724 1112 esto
739 1036 920 1111 iudicium.
975 1034 1083 1126 Quod
1097 1037 1127 1108 si
1141 1062 1224 1112 vero
1241 1032 1462 1108 emendatio-

477 1199 562 1246 num
595 1170 883 1269 proserendorum
913 1172 1131 1248 occasionem
1164 1167 1311 1240 iuuenili
1337 1163 1463 1238 ardore

476 1307 610 1378 ablatus
626 1304 801 1380 interdum
817 1305 1023 1400 studiosius,
1049 1331 1156 1405 quam
1170 1301 1323 1393 deseret,
1349 1324 1464 1397 ‹pree-

475 1437 595 1516 siuisse
611 1438 739 1534 videar,
765 1469 832 1541 pro
857 1441 961 1516 laude
977 1439 1116 1515 veniam
1140 1435 1231 1509 mihi
1251 1433 1460 1534 depeciscor.

446 1587 458 1605 ¹
476 1570 512 1644 N
514 1599 553 1646 eo
576 1594 693 1646 tamen
718 1597 768 1648 cst
782 1603 846 1652 our
861 1597 1044 1674 propterea
1067 1574 1105 1646 in
1121 1571 1192 1645 hoc
1208 1568 1406 1642 studiorum
1421 1568 1463 1640 ti·

476 1707 609 1781 rociuio
623 1708 725 1806 aequi
741 1710 899 1784 Lectoris
923 1709 1096 1783 iudicium
1113 1705 1217 1782 valde
1232 1703 1462 1793 extimescam,

478 1865 559 1915 cum
578 1840 661 1915 Viri
685 1841 789 1914 etiam
812 1841 1006 1917 doctissimi
1036 1846 1074 1918 in
1095 1839 1268 1940 grauioris
1292 1834 1461 1910 momenti

475 1973 638 2072 operibns
667 1975 837 2050 similiter
875 1977 1017 2075 ingenio
1051 1974 1236 2049 indulsisse
1268 1969 1464 2070 deprehen·

476 2103 614 2178 dantur.

534 2241 707 2340 Gregorio
722 2239 888 2337 adiunxi,
912 2245 960 2318 ob
974 2239 1169 2340 argumenti
1185 2235 1463 2330 similitudinem,

477 2373 631 2449 duorum
648 2374 969 2448 Grammaticorum
987 2376 1032 2450 de
1049 2374 1217 2450 Dialectis
1233 2372 1429 2471 Opuscula,
1445 2397 1465 2445 e

477 2507 616 2581 Msstis
638 2505 803 2581 Leidensi
828 2528 863 2580 et
884 2510 1174 2584 Mcermanuianc
1198 2507 1390 2604 descripta3
1421 2503 1466 2578 de

477 2642 607 2739 quibus
629 2639 674 2713 ad
698 2642 839 2716 initium
862 2645 1042 2744 Vtriusque
1065 2645 1177 2717 libelli
1200 2640 1354 2716 breuiter
1379 2637 1464 2711 dixi.

475 2776 635 2872 Vterque
648 2797 812 2850 tractatus
826 2779 865 2850 in
882 2780 1031 2878 vulgatis
1047 2777 1277 2868 editionibus,
1291 2802 1382 2873 quse
1398 2799 1466 2847 vnn

475 2925 557 2981 cum
580 2929 700 2984 nostro
721 2911 959 2986 Grammatico
984 2912 1057 2984 fere
1085 2909 1311 3009 prodierunt,
1339 2906 1465 2980 loanni

477 3045 950 3140 Grammaticotrihuuntur,
976 3071 1091 3143 nctpte
1105 3065 1221 3116 tamen
1238 3039 1390 3116 cundem
1405 3050 1466 3113 au'·

475 3175 606 3250 ctorem
622 3178 751 3254 habere
764 3180 939 3256 videntur.
967 3178 1155 3254 Posteriori
1164 3178 1357 3275 Gregorius
1374 3199 1465 3250 stre-

474 3337 545 3383 nue
560 3337 640 3385 rsus
655 3335 721 3407 est,
747 3315 785 3388 in
809 3313 1023 3389 Praefatione
1045 3335 1204 3404 testatus,
1229 3311 1275 3386 de
1298 3310 1465 3384 Dialectis

475 3444 650 3543 scripsisse
674 3447 841 3523 Ioannem
864 3449 1123 3548 Philoponum3
1157 3446 1255 3548 quod
1279 3445 1398 3519 nescio
1418 3471 1465 3518 an

474 3581 622 3654 sufficiat
646 3581 852 3655 refellendae
876 3582 1032 3657 Conradi
1061 3581 1208 3657 Gesneri
1232 3581 1464 3672 conieuurae,

475 3715 556 3813 qui,
580 3715 741 3789 Fabricio
764 3717 932 3789 referente
952 3717 992 3789 B.
1012 3719 1056 3792 G.
1072 3719 1175 3793 Tom.
1192 3718 1258 3790 IX.
1278 3741 1352 3814 pag.
1374 3715 1462 3784 566.

474 3849 616 3923 Ioannis
631 3849 796 3924 Characis
811 3875 886 3923 esse
896 3850 1146 3948 suspicabatur.
1174 3849 1377 3950 Philopono
1395 3847 1463 3920 ab·

474 3983 703 4080 iudicauerat,
741 3988 798 4061 vel
820 3985 942 4062 saltem
959 3986 1036 4088 ipso
1060 3984 1246 4085 iudignum
1271 3998 1461 4073 consuerat,
