3494 4604
470 306 564 365 xxrt
679 341 699 352 --
749 339 753 352 .
807 282 1146 362 PRAEFATIO

469 476 686 570 dicentibus,
738 495 873 576 praeter
921 472 1273 569 Meterm'annianum,
1325 477 1471 576 reliquis

467 612 554 687 meis
570 612 672 686 libris
688 611 843 711 scriptis,
870 611 934 682 ista
951 637 1022 685 vno
1036 611 1186 687 articulo
1202 615 1468 712 complectitur:

464 750 536 827 vta
560 749 590 847 t.
615 745 810 822 cxxxn.
838 743 882 819 ae
905 745 998 820 nat
1019 746 1091 820 Aa.
1147 749 1273 824 ratem
1288 751 1395 822 armis
1412 721 1474 824 ra

463 884 622 960 stinantis
659 884 831 983 Stephani
859 884 1108 982 negligentiam
1141 885 1318 983 arguimus
1353 885 1400 960 ad
1435 887 1465 984 ὕ.

463 1023 638 1097 LXXIV.
690 1017 848 1140 Deinde,
875 1046 958 1094 eum
980 1045 1024 1094 ex
1047 1021 1109 1115 iis,
1149 1047 1239 1120 quae
1259 1047 1366 1120 supra
1387 1023 1467 1095 dis-

463 1179 585 1260 putate
609 1177 706 1249 sunt,
730 1176 890 1250 constet,
910 1155 1126 1256 Gregorium
1152 1155 1293 1228 ev'ariis
1314 1159 1465 1234 auctori·

463 1296 548 1386 hus,
574 1314 666 1394 quae
680 1291 871 1369 conuenire
883 1291 1093 1372 videbantur
1108 1289 1288 1385 instituto,
1306 1293 1344 1364 in
1362 1320 1466 1365 suum

460 1423 625 1503 libellum
649 1427 882 1521 transtulisse,
924 1449 958 1500 et
984 1427 1086 1528 qnasi
1113 1425 1151 1498 in
1173 1425 1320 1498 cinnum
1344 1428 1469 1501 conie-

461 1564 567 1640 cisse:
599 1564 732 1656 mirum
747 1561 860 1648 videri
883 1589 958 1640 non
974 1561 1095 1655 debet,
1121 1563 1170 1656 si,
1201 1561 1290 1636 dnm
1305 1564 1467 1662 singulo-

390 1741 392 1744 ·
460 1729 541 1774 rum
553 1701 626 1785 fere
640 1697 1038 1799 ordinemsequetratur‚
1064 1720 1103 1776 vt
1117 1725 1199 1771 casu
1213 1691 1259 1772 aii
1275 1725 1315 1789 ea
1330 1697 1467 1772 delatus

461 1858 550 1930 erat,
578 1837 708 1935 passim
732 1837 914 1934 sparserit,
945 1857 1036 1934 quae
1063 1836 1191 1908 rectius
1210 1835 1250 1907 in
1273 1861 1385 1908 vnum
1407 1836 1466 1907 lo-

458 2001 543 2047 cum
559 1973 792 2048 conclusisset.
836 1970 897 2042 Sic
913 1972 1061 2046 Dorioes
1077 1969 1284 2069 particulas,
1307 1991 1344 2044 vt
1360 1967 1465 2044 vnico

458 2111 622 2208 exemplo
646 2107 829 2206 defungar,
862 2104 970 2180 πύκα
977 2158 988 2196 ,
1020 2101 1115 2192 ὅκα,
1140 2100 1317 2190 ἄλλοκα,
1348 2100 1465 2191 τόκα,

458 2245 496 2318 in
521 2243 653 2344 quibus
671 2243 839 2317 omnibus
855 2269 920 2340 par
936 2261 1042 2337 atque
1058 2229 1181 2312 eodeni
1201 2239 1356 2320 Dialecti
1374 2240 1462 2314 ratio
1509 2325 1512 2334 Ι

414 2451 419 2460 ,
456 2380 608 2471 obtinet,
634 2376 783 2449 diuersis
804 2375 952 2474 quidem
977 2375 1065 2448 locis
1088 2375 1200 2472 tangit
1225 2374 1263 2446 in
1278 2376 1403 2475 Capite
1417 2375 1462 2450 de

456 2514 621 2586 Dialecto
638 2510 789 2606 Dorica,
815 2507 877 2584 scd
890 2507 996 2594 nixa
1011 2510 1039 2607 p
1052 2511 1098 2585 V.
1117 2539 1136 2584 e
1154 2510 1360 2605 Theocrito,
1381 2507 1462 2585 ὅκα

430 2719 431 2722 ,
455 2648 484 2746 §.
504 2649 585 2722 LV.
613 2677 655 2722 ex
679 2640 937 2744 Aristophane,
971 2645 1127 2720 ἅλλοκα
1150 2645 1180 2742 ᾗ.
1200 2647 1320 2722 LXX.
1341 2675 1463 2720 rursus

457 2813 476 2858 c
490 2783 698 2875 Theocrito,
716 2780 856 2854 tandem
873 2777 973 2852 τόκα
987 2779 1015 2876 §.
1028 2781 1215 2855 CLXXII.
1235 2809 1257 2855 c
1270 2779 1321 2855 10.
1333 2781 1461 2856 Gram-

455 2918 574 2992 matici
591 2917 744 2992 Doricis.
796 2913 960 2992 Indidem
979 2915 1166 3016 repetenda
1188 2919 1249 2988 est'
1263 2917 1370 3011 ratio,
1397 2947 1461 2992 cur

454 3077 599 3130 tantum·
616 3081 689 3128 non
710 3052 831 3128 eadem
847 3053 1029 3128 obseruata
1054 3051 1247 3153 aliquando
1264 3051 1319 3124 bis
1334 3053 1459 3153 legan-

453 3211 522 3283 tur,
564 3189 604 3262 in
628 3191 771 3266 Doricis
803 3188 1026 3289 praesertim:
1060 3215 1094 3262 v.
1131 3218 1169 3264 c«
1192 3187 1237 3262 de
1261 3187 1396 3267 θᾶσθε
1427 3189 1456 3285 §.

433 3321 635 3403 XXXVI.
652 3320 697 3395 de
712 3321 838 3394 θᾶσαι
854 3322 882 3419 p.
894 3323 1052 3408 LXXV.
1067 3321 1127 3397 sed
1141 3323 1212 3396 hoc
1224 3323 1457 3421 eTheocrito,

454 3455 547 3532 illud
571 3485 590 3532 e
615 3458 780 3534 Comicoz
806 3454 1017 3555 inperare
1041 3458 1199 3537 Pindaro
1223 3458 1253 3556 ᾗ.
1268 3461 1393 3542 XVII.
1416 3491 1458 3538 ex

455 3590 696 3692 Aristophane
708 3592 737 3690 ὅ.
747 3591 930 3671 XXXIX.
945 3591 1098 3688 οὶέιαδες
1112 3618 1147 3670 et
1160 3595 1259 3694 κρῆς
1275 3625 1317 3672 ex
1333 3596 1459 3672 ecdem

437 3728 481 3826 up
502 3725 618 3802 XLII.
650 3752 684 3802 et
706 3726 862 3807 XLVII.
879 3749 914 3806 nt
937 3755 956 3802 e
980 3728 1030 3808 10.
1051 3732 1284 3812 Grammatici
1308 3751 1458 3808 tractatu

453 3865 483 3964 p.
504 3865 672 3943 ctxttt.
690 3887 726 3942 et
742 3863 912 3944 CLXIX.
964 3866 1067 3940 Talia
1084 3867 1148 3968 qui
1168 3869 1260 3947 serre
1278 3870 1403 3970 nequit
1419 3871 1457 3943 in

351 4035 352 4038 ¹
458 4000 699 4078 Grammatico
715 4028 787 4078 non
800 3999 906 4076 nimis
921 4001 1086 4100 antiquo,
1112 4005 1311 4102 quomodo,
1337 4028 1375 4083 vt
1386 4005 1458 4079 hoc
