2544 4320
41 241 430 314 contriturum
453 239 901 311 esssuocssefltcs.
953 251 1013 335 787

35 437 111 484 sm.
133 413 223 505 sb),
246 413 337 562 prod
365 411 423 478 siii
450 412 532 480 dent
559 409 703 477 Psrisini
724 411 878 500 Codices,
898 417 1010 484 cuius·

35 523 78 566 re
108 498 184 564 loco
217 497 394 565 Eitioncs
431 498 590 584 ἐπτέρωσε
629 494 755 570 bobcnt
805 499 870 566 Sed
904 503 1009 570 etism

35 586 100 648 ‚isc
121 605 165 647 cx
181 587 301 648 eodem
321 603 419 647 more
442 581 649 646 soristorum
664 579 922 652 scribendorum
940 611 1009 654 ns-

35 691 66 733 re
83 679 162 734 sunt
177 665 405 733 confusiones.
447 667 609 732 Aoi-istus
623 661 764 750 ἔλαβεν,
789 678 824 732 rt
841 671 906 735 hoc
920 672 1011 761 vtsr‚'

34 779 301 872 bisignilicotur
320 786 394 850 sold
407 782 539 872 syllsbtl
554 761 609 864 εἶ,
631 759 665 846 oi
680 785 926 874 superscripto,
948 811 1009 875 ps.

34 918 94 968 um
119 901 289 967 differtob
305 880 353 984 si,
375 899 466 964 cuio
490 897 761 1066 superscriptum
779 912 847 990 est,
873 903 906 969 b.
920 929 946 971 e.
964 905 1006 970 ob

38 988 137 1052 misto
176 983 301 1053 ἔλυσεν.
348 986 405 1050 sic
425 984 620 1050 Lurcbcrus
678 983 810 1058 Remar
834 1013 896 1052 uss
928 992 1006 1056 erit.

34 1093 82 1152 ¹ur
100 1071 123 1134 l’
138 1071 255 1158 Etym.
276 1069 330 1136 M.
356 1091 388 1156 p.
416 1071 504 1154 rob.)
526 1069 697 1134 verissime
712 1068 796 1154 legit
813 1071 928 1140 ἔλυσεν
939 1095 1004 1162 pro

38 1155 133 1240 λαβεν
146 1159 182 1222 ἰιι
202 1154 403 1243 Etymolog.
422 1155 460 1214 ll.
477 1175 509 1240 p.
522 1155 597 1240 550,
621 1152 672 1216 43.
694 1163 757 1218 etc.

76 1357 113 1422 In
135 1355 236 1424 certis
255 1352 459 1443 quibusdum
480 1351 616 1419 vocibus
630 1353 821 1422 doctusille
843 1354 904 1424 ini
932 1383 1004 1429 sum
1072 1369 1073 1375 ’
1152 1427 1156 1434 ,

39 1441 139 1507 inrum
165 1438 382 1523 immittitur,
412 1449 471 1502 sut
501 1438 774 1526 superscribitur.
815 1439 872 1506 Sic
901 1383 942 1509 dl
967 1447 1006 1516 in

33 1523 120 1610 istoc.
163 1526 240 1590 vid.
271 1544 370 1589 voces
399 1521 418 1590 ri
448 1520 562 1610 ἅγιος,
599 1523 644 1588 τοὶ
666 1521 757 1604 ,ἅγια
787 1529 849 1590 τῶν
886 1531 1006 1613 ἁγίων,

34 1613 78 1676 ob.
104 1609 144 1675 V.
166 1632 258 1676 rrum.
285 1613 331 1672 rt.
353 1629 371 1670 e
391 1603 473 1674 Coo.
500 1605 602 1672 Puris.
631 1609 697 1676 133.
743 1605 843 1674 Coos.
865 1611 1006 1680 Monte-

33 1699 133 1762 slcon.
156 1691 330 1778 Polscogr.
359 1713 390 1777 p.
413 1695 484 1759 3115.
511 1693 576 1756 col.
598 1691 627 1756 3.
651 1715 679 1756 r.
708 1717 753 1773 ¹7·
777 1692 859 1780 (vbi
880 1697 1004 1766 doctos

33 1777 139 1867 ptime
162 1799 341 1866 expressus
364 1790 431 1861 cst,
462 1773 589 1862 quippe
611 1773 796 1844 discrimen
819 1779 892 1844 eius
913 1781 1010 1854 tine-

33 1889 135 1952 oeqne
156 1863 304 1928 Gorumu
330 1870 401 1924 tum
423 1872 473 1924 cst
496 1858 734 1942 manifestum,
766 1875 800 1928 rt
828 1864 863 1928 in
886 1869 1004 1932 oculos

33 1953 188 2024 rcurrot).
230 1947 390 2031 idemque
411 1947 503 2010 velet
523 1943 559 2008 in
584 1944 787 2030 particulam
808 1943 924 2034 ἤγουν,
945 1973 1008 2016 cu.

33 2031 321 2120 recompendium
352 2028 489 2093 solenne
512 2025 662 2094 ostendit
680 2029 747 2094 tob.
769 2029 813 2094 V.
836 2053 930 2100 num.
956 2040 1006 2104 14.

32 2143 42 2182 r
67 2117 132 2182 boc
152 2115 322 2205 porticulo
350 2114 492 2177 ductum
521 2111 624 2177 illum
645 2133 737 2177 nunc
760 2137 822 2202 pro
845 2113 1005 2204 Gemma,

32 2257 98 2299 unc
121 2255 186 2321 pro
207 2246 287 2298 noto
308 2229 456 2316 syllsbse
478 2205 521 2306 osc
542 2227 754 2316 habuerunt,
777 2231 1003 2326 legeruntque

32 2376 70 2428 υς
94 2375 158 2442 pro
177 2349 289 2435 ἤγουν.
332 2345 430 2413 Prius
450 2355 635 2434 propterca
656 2345 783 2414 fulsum
804 2363 865 2434 cst,
885 2353 1005 2442 quiry

32 2435 84 2500 ali
108 2434 242 2517 formd)
272 2456 343 2499 non
369 2423 639 2518 superscribitur.
683 2429 774 2496 Nom
801 2433 829 2498 si
859 2433 895 2502 iu
920 2462 1003 2506 voce

32 2543 133 2600 reor,
161 2520 195 2584 id
226 2519 318 2606 quod
337 2516 442 2580 etism
462 2514 518 2600 fit,
548 2514 697 2580 Gumms
716 2517 879 2584 scribitur
899 2543 1003 2612 super

35 2619 89 2688 to,
114 2603 178 2670 olio
200 2627 275 2669 usur
308 2611 386 2665 stur
407 2602 516 2665 l'ormo
539 2601 829 2669 litterseGsrnms
850 2603 938 2692 (tob.
960 2607 1002 2676 V.

32 2713 101 2754 um.
137 2693 214 2770 rb).
295 2682 438 2750 osterius
465 2684 500 2748 in
523 2683 679 2772 Epistola
711 2687 752 2749 ud
782 2690 1003 2760 Brcdowium

32 2773 85 2837 rtis
106 2772 304 2854 conl'utsui,
333 2767 390 2834 vbi
412 2769 563 2851 ostendi,
593 2765 660 2847 ἤως
691 2793 760 2834 non
789 2794 859 2837 csse
881 2795 1003 2842 rocem

32 2879 172 2923 roccum.
195 2877 225 2921 v.
251 2857 395 2940 Gregor.
417 2873 449 2939 p.
470 2855 542 2917 436.
583 2853 676 2938 Lege
700 2852 804 2918 etium
826 2856 937 2921 Poow.
959 2863 1003 2924 nd

32 2939 255 3030 lephuestion.
278 2962 307 3024 p.
335 2957 402 3003 roo.
425 2937 597 3000 verissime
623 2943 703 3000 truce
728 2944 932 3022 (secundum
954 2945 1002 3008 H.

32 3027 170 3114 topbon.
193 3025 332 3110 proel'ut.
357 3021 399 3085 ud
420 3019 580 3108 Sopbocl.
610 3020 714 3085 Poris.
742 3022 850 3116 1568.)
873 3037 1005 3092 note'n.

32 3133 95 3176 nn:
140 3109 259 3194 „lllud
289 3105 358 3188 ἤως
391 3127 459 3168 nou
493 3116 543 3167 est
569 3124 729 3188 graecum
760 3119 794 3172 et
831 3108 1003 3194 originem

35 3196 135 3260 ducit
167 3217 211 3260 ex
236 3195 321 3258 mele
347 3190 520 3253 intellectu
541 3189 706 3290 scripturn
729 3193 1001 3279 compendiaria:

35 3294 78 3345 tu
109 3278 232 3364 vbique
261 3300 323 3366 pro
352 3297 393 3339 so
418 3294 564 3420 reppnss
593 3272 735 3352 ἢγουν.“
778 3273 915 3343 Fanum
937 3279 1004 3348 hoc

32 3387 71 3440 oc
95 3385 208 3450 nuper
231 3369 331 3427 etium
365 3359 402 3423 in
430 3357 460 3422 R
490 3369 575 3421 ctor.
599 3358 678 3421 Ald.
708 3356 785 3423 Vol.
809 3359 847 3423 ll.
871 3385 901 3448 p.
929 3365 1003 3431 368.

32 3495 35 3508 .
59 3449 113 3514 33.
134 3446 249 3534 reperi
270 3446 305 3510 in
335 3443 401 3508 bis:
432 3441 598 3529 χρώμεθα
621 3444 679 3505 καὶ
702 3441 907 3525 άντιθετικῷ
928 3447 1005 3530 ἥως

32 3553 114 3599 sorr.
137 3530 260 3616 ἤγουν)
291 3528 601 3610 α’ντεγκληματικῷ.
645 3525 727 3590 lbid.
752 3549 782 3613 p.
808 3529 878 3616 359.
902 3553 931 3597 v.
952 3537 1006 3601 αθ,

32 3619 81 3704 spi
107 3609 153 3680 ὧν
183 3613 358 3702 προῦκειτο
390 3613 499 3693 λέγειν
521 3611 614 3687 αὐτῷ
632 3608 715 3690 ἤως
735 3615 812 3712 περὶ
832 3635 1006 3701 apostoca-
1099 3697 1103 3703 .

32 3705 157 3776 τάσεως
178 3722 208 3764 κ.
231 3723 259 3764 τ.
284 3699 314 3762 l.
356 3694 560 3782 Exemplari
587 3695 678 3780 quod
701 3697 850 3784 possidet
874 3701 1007 3766 lliblio-

32 3809 104 3851 recu
136 3785 321 3871 imperialis
360 3779 532 3861 Parisios,
568 3780 777 3868 Anonyrous
811 3785 1004 3874 sdsoripsit:

38 3869 116 3950 ἥως.
160 3868 208 3934 lto
228 3865 354 3955 legitor
373 3867 410 3932 iu
433 3861 516 3928 Cod.
538 3861 611 3927 MS.
634 3865 710 3928 vido
728 3889 812 3932 num
825 3869 870 3934 sit
889 3869 1006 3954 legen·

636 3949 792 4024 Ddds
