3494 4604
364 561 367 568 .
494 479 655 593 „cuius
678 481 877 571 notitiam
898 477 996 567 dedi
1021 480 1069 567 ia
1087 478 1270 568 *Praefat
1289 475 1344 564 ad
1368 479 1468 564 Lex.
1495 473 1528 561 ‘i‘

495 325 616 378 sevus
719 320 759 364 a
825 295 1162 372 susurnam
1204 307 1223 353 't
1297 349 1302 369 ,
1364 342 1391 357 ,,
1492 247 1528 339 a·

494 624 801 742 ‚,Augustan.*)
830 623 1009 728 Moneo,
1046 645 1096 708 aa
1123 654 1234 736 quae
1260 626 1380 712 vnois
1405 626 1469 710 in·
1497 591 1528 692 ἷῖ

492 776 656 886 ‚,clusi‚
685 802 774 858 non
790 770 921 855 fuisse
938 772 987 854 in
995 751 1172 874 Codice,
1190 771 1267 881 qui
1287 774 1472 882 optimae
1500 777 1528 842 ἀὲ

495 940 658 1032 „notae
674 937 758 1024 est,
780 915 1008 1010 ,etmultas
1024 915 1474 1014 bonasleotionesex-
1505 930 1528 1015 st

492 1068 666 1177 ‚,hibet,
713 1082 761 1150 vt
797 1061 1003 1175 inspectio
1040 1059 1247 1151 docebit.'’
1301 1062 1367 1148 Ex
1395 1062 1479 1148 hac
1511 1054 1528 1142 ,i

495 1210 745 1298 amicissimi
775 1209 861 1295 viri
891 1205 1131 1295 Collationc
1160 1204 1365 1290 nonnulla
1400 1234 1478 1286 ex·
1519 1261 1520 1264 a

494 1357 652 1470 oerpsi,
691 1384 804 1473 quae
833 1356 1116 1440 Hermannus
1148 1367 1229 1436 aut
1259 1350 1474 1453 omiserat,
1527 1413 1528 1416 κ

493 1520 570 1590 aut
584 1502 882 1614 aliterscripta
897 1500 1066 1612 legerat.
1152 1560 1155 1570 ·

578 1650 794 1736 Hactenus
834 1648 886 1734 de
923 1647 1051 1731 nouis
1089 1644 1306 1732 librorum
1344 1673 1475 1732 uranu

493 1796 780 1908 scriptorum·
800 1791 1025 1896 subsidiis,
1076 1791 1258 1902 quibus,
1311 1791 1474 1905 absque

494 1941 641 2030 Bastio
667 1967 764 2028 meo
791 1917 961 2041 fuisset,
992 1935 1229 2055 Gregorius
1250 1950 1325 2018 aut
1347 1962 1475 2051 pror-

494 2117 589 2191 sus,
617 2103 692 2169 aut
714 2085 905 2168 maxima
927 2099 1123 2194 exparte
1145 2081 1356 2190 cariturus
1375 2098 1474 2162 erat.

493 2231 580 2348 §ed
603 2201 889 2316 multoeciam
914 2228 1151 2311 maioribus
1171 2223 1390 2312 beneficiis
1406 2227 1474 2311 vir

492 2375 812 2466 laudatissimus
839 2402 908 2456 me
940 2373 1023 2458 sibi
1047 2374 1474 2484 Grammaticurnque

492 2521 715 2614 deuincire
731 2519 885 2606 voluit.
913 2521 1066 2634 Neque
1082 2495 1198 2605 enirn
1209 2517 1324 2605 nuda
1336 2537 1473 2605 nans-

490 2636 610 2750 misit
637 2662 848 2760 Codicum
875 2661 1108 2778 Excerpta,
1169 2663 1243 2748 sod
1273 2667 1474 2751 comitata

489 2811 705 2897 immenso
723 2783 908 2896 nurnero
931 2809 1260 2896 lectissimorum
1278 2810 1473 2898 animad-

488 2957 744 3074 versionum
755 2956 996 3070 insignique
1014 2959 1138 3069 copia
1148 2956 1472 3062 anecdotorum,

488 3103 650 3214 quibus
686 3102 732 3186 in
761 3101 915 3216 vulgus
950 3103 1219 3216 proferendis
1250 3081 1473 3188 summurn

487 3275 629 3358 neque
646 3277 837 3360 vnquam
852 3250 1229 3334 intermoriturum
1246 3249 1373 3334 decus
1389 3278 1472 3333 no-

489 3409 601 3474 strae
627 3373 806 3479 editioni
836 3395 1062 3482 accederet.
1122 3394 1170 3478 In
1189 3396 1255 3480 his
1274 3395 1471 3482 animad-

487 3538 763 3640 versionibus
787 3540 917 3626 latine
945 3542 1159 3628 vertendis
1177 3542 1297 3655 quod
1320 3569 1471 3626 meum

485 3684 631 3819 Bastio
662 3685 854 3771 studium
883 3688 1124 3800 adprobare
1153 3689 1296 3802 potui,
1347 3703 1468 3771 tanto

496 3841 1453 3876 ...Μ-ὰ...

528 3929 556 4006 *)
572 3927 657 3990 Conf.
673 3929 825 3989 Aneodota
842 3950 859 3989 o
874 3931 967 3990 variis
983 3931 1143 3996 codicibus
1162 3933 1288 3994 collecta
1310 3883 1381 4011 posi
1392 3927 1468 3988 Pro-

487 4027 642 4110 legomona
654 4030 693 4092 ad
708 4031 843 4092 Zonaras
858 4030 993 4094 Lexicon
1005 4053 1072 4114 pag.
1083 4032 1231 4096 LXXVII.
