<?xml version="1.0" encoding="UTF-8"?>
<!DOCTYPE html PUBLIC "-//W3C//DTD XHTML 1.0 Transitional//EN"
    "http://www.w3.org/TR/xhtml1/DTD/xhtml1-transitional.dtd">
<html xmlns="http://www.w3.org/1999/xhtml" xml:lang="en" lang="en">
 <head>
  <title>
</title>
<meta http-equiv="Content-Type" content="text/html;charset=utf-8" />
  <meta name='ocr-system' content='tesseract 3.04.00' />
  <meta name='ocr-capabilities' content='ocr_page ocr_carea ocr_par ocr_line ocrx_word'/>
</head>
<body>
  <div class='ocr_page' id='page_1' title='image "./gregoriicorinth00greggoog_0080.png"; bbox 0 0 2588 4606; ppageno 0'>
   <div class='ocr_carea' id='block_1_1' title="bbox 1268 327 1277 386">
    <p class='ocr_par' dir='ltr' id='par_1_1' title="bbox 1268 327 1277 386">
     <span class='ocr_line' id='line_1_1' title="bbox 1268 327 1277 386; baseline 0 0"><span class='ocrx_word' id='word_1_1' title='bbox 1268 327 1277 386; x_wconf 77' lang='grc'><strong>’1</strong></span> 
     </span>
    </p>
   </div>
   <div class='ocr_carea' id='block_1_2' title="bbox 237 394 1184 467">
    <p class='ocr_par' dir='ltr' id='par_1_2' title="bbox 237 394 1184 467">
     <span class='ocr_line' id='line_1_2' title="bbox 237 394 1184 467; baseline -0.012 0"><span class='ocrx_word' id='word_1_2' title='bbox 237 405 277 467; x_wconf 77' lang='lat'><strong>84</strong></span> <span class='ocrx_word' id='word_1_3' title='bbox 320 395 604 463; x_wconf 85' lang='lat' dir='ltr'><strong>GREGORlVS</strong></span> <span class='ocrx_word' id='word_1_4' title='bbox 626 397 685 462; x_wconf 82' lang='lat' dir='ltr'><strong>llll</strong></span> <span class='ocrx_word' id='word_1_5' title='bbox 707 395 962 460; x_wconf 82' lang='lat' dir='ltr'><strong>DlALECTO</strong></span> <span class='ocrx_word' id='word_1_6' title='bbox 983 394 1184 458; x_wconf 82' lang='lat' dir='ltr'><strong>ATTICA.</strong></span> 
     </span>
    </p>
   </div>
   <div class='ocr_carea' id='block_1_3' title="bbox 211 524 1293 3784">
    <p class='ocr_par' dir='ltr' id='par_1_3' title="bbox 211 524 1293 3784">
     <span class='ocr_line' id='line_1_3' title="bbox 1267 524 1282 553; baseline 0.2 -3"><span class='ocrx_word' id='word_1_7' title='bbox 1267 524 1282 553; x_wconf 63' lang='lat' dir='ltr'><strong>at</strong></span> 
     </span>
     <span class='ocr_line' id='line_1_4' title="bbox 239 565 1293 653; baseline -0.012 -19"><span class='ocrx_word' id='word_1_8' title='bbox 239 593 303 635; x_wconf 89' lang='lat' dir='ltr'><strong>non</strong></span> <span class='ocrx_word' id='word_1_9' title='bbox 319 580 433 653; x_wconf 85' lang='lat' dir='ltr'><strong>potest,</strong></span> <span class='ocrx_word' id='word_1_10' title='bbox 460 571 533 652; x_wconf 85' lang='lat' dir='ltr'><strong>quin</strong></span> <span class='ocrx_word' id='word_1_11' title='bbox 556 570 672 632; x_wconf 88' lang='lat' dir='ltr'><strong>vitium</strong></span> <span class='ocrx_word' id='word_1_12' title='bbox 688 568 818 649; x_wconf 82' lang='lat' dir='ltr'><strong>aliquod</strong></span> <span class='ocrx_word' id='word_1_13' title='bbox 838 567 1015 628; x_wconf 88' lang='lat' dir='ltr'><strong>inoleuerit.</strong></span> <span class='ocrx_word' id='word_1_14' title='bbox 1060 565 1124 626; x_wconf 82' lang='lat' dir='ltr'><strong>Pro</strong></span> <span class='ocrx_word' id='word_1_15' title='bbox 1139 587 1238 651; x_wconf 73' lang='grc' dir='ltr'><strong><em>προς.</em></strong></span> <span class='ocrx_word' id='word_1_16' title='bbox 1273 595 1293 641; x_wconf 63' lang='lat'><strong>,5</strong></span> 
     </span>
     <span class='ocr_line' id='line_1_5' title="bbox 239 651 1287 737; baseline -0.003 -21"><span class='ocrx_word' id='word_1_17' title='bbox 239 666 328 737; x_wconf 78' lang='grc' dir='ltr'><strong><em>τῖχον</em></strong></span> <span class='ocrx_word' id='word_1_18' title='bbox 346 676 362 714; x_wconf 90' lang='lat' dir='ltr'><strong>e</strong></span> <span class='ocrx_word' id='word_1_19' title='bbox 380 655 494 716; x_wconf 85' lang='lat' dir='ltr'><strong>Codice</strong></span> <span class='ocrx_word' id='word_1_20' title='bbox 511 665 658 716; x_wconf 88' lang='lat' dir='ltr'><strong>enotntur</strong></span> <span class='ocrx_word' id='word_1_21' title='bbox 676 661 849 736; x_wconf 78' lang='grc' dir='ltr'><strong><em>προςεΐχεν.</em></strong></span> <span class='ocrx_word' id='word_1_22' title='bbox 890 652 990 731; x_wconf 81' lang='lat' dir='ltr'><strong>Igitur</strong></span> <span class='ocrx_word' id='word_1_23' title='bbox 1003 652 1146 730; x_wconf 86' lang='lat' dir='ltr'>corrige:</span> <span class='ocrx_word' id='word_1_24' title='bbox 1168 651 1239 716; x_wconf 83' lang='grc' dir='ltr'><strong><em>οίδί</em></strong></span> <span class='ocrx_word' id='word_1_25' title='bbox 1281 697 1287 708; x_wconf 72' lang='lat'><strong>.</strong></span> 
     </span>
     <span class='ocr_line' id='line_1_6' title="bbox 240 737 1291 820; baseline -0.013 -16"><span class='ocrx_word' id='word_1_26' title='bbox 240 740 341 808; x_wconf 74' lang='grc' dir='ltr'><strong><em>οὐδεὶς</em></strong></span> <span class='ocrx_word' id='word_1_27' title='bbox 355 743 528 820; x_wconf 78' lang='grc' dir='ltr'><strong><em>προςεῖχεν.</em></strong></span> <span class='ocrx_word' id='word_1_28' title='bbox 569 739 675 816; x_wconf 79' lang='grc' dir='ltr'><strong><em>Αὐτῷ,</em></strong></span> <span class='ocrx_word' id='word_1_29' title='bbox 694 738 780 818; x_wconf 85' lang='lat' dir='ltr'><strong>quod</strong></span> <span class='ocrx_word' id='word_1_30' title='bbox 793 737 882 809; x_wconf 86' lang='lat' dir='ltr'><strong>eieci,</strong></span> <span class='ocrx_word' id='word_1_31' title='bbox 902 737 1099 816; x_wconf 80' lang='lat' dir='ltr'><strong>pronominis</strong></span> <span class='ocrx_word' id='word_1_32' title='bbox 1115 742 1240 818; x_wconf 47' lang='lat' dir='ltr'><strong>(stapsi,</strong></span> <span class='ocrx_word' id='word_1_33' title='bbox 1283 786 1291 814; x_wconf 43' lang='lat'><em>3</em></span> 
     </span>
     <span class='ocr_line' id='line_1_7' title="bbox 240 819 1292 906; baseline -0.004 -20"><span class='ocrx_word' id='word_1_34' title='bbox 240 845 332 906; x_wconf 82' lang='lat' dir='ltr'><strong>saepe</strong></span> <span class='ocrx_word' id='word_1_35' title='bbox 349 825 387 884; x_wconf 86' lang='lat' dir='ltr'><strong>ab</strong></span> <span class='ocrx_word' id='word_1_36' title='bbox 407 824 635 905; x_wconf 77' lang='lat' dir='ltr'><strong>interpretibus</strong></span> <span class='ocrx_word' id='word_1_37' title='bbox 651 844 716 882; x_wconf 89' lang='lat' dir='ltr'><strong>non</strong></span> <span class='ocrx_word' id='word_1_38' title='bbox 730 821 897 895; x_wconf 80' lang='lat' dir='ltr'><strong>intellecti,</strong></span> <span class='ocrx_word' id='word_1_39' title='bbox 916 819 969 880; x_wconf 82' lang='lat' dir='ltr'><strong>hic</strong></span> <span class='ocrx_word' id='word_1_40' title='bbox 985 820 1240 900; x_wconf 46' lang='lat' dir='ltr'><strong>quidevalossa</strong></span> <span class='ocrx_word' id='word_1_41' title='bbox 1291 893 1292 896; x_wconf 7' lang='grc' dir='ltr'><strong>Ἴ</strong></span> 
     </span>
     <span class='ocr_line' id='line_1_8' title="bbox 240 901 1239 984; baseline -0.006 -15"><span class='ocrx_word' id='word_1_42' title='bbox 240 911 377 982; x_wconf 76' lang='lat' dir='ltr'><strong>uldetur,</strong></span> <span class='ocrx_word' id='word_1_43' title='bbox 399 929 468 967; x_wconf 88' lang='lat' dir='ltr'><strong>cum</strong></span> <span class='ocrx_word' id='word_1_44' title='bbox 493 910 569 968; x_wconf 84' lang='lat' dir='ltr'><strong>olibi</strong></span> <span class='ocrx_word' id='word_1_45' title='bbox 586 909 734 969; x_wconf 76' lang='lat' dir='ltr'><strong>Aelianus</strong></span> <span class='ocrx_word' id='word_1_46' title='bbox 750 915 784 970; x_wconf 84' lang='grc' dir='ltr'><strong>οἱ</strong></span> <span class='ocrx_word' id='word_1_47' title='bbox 803 905 877 966; x_wconf 85' lang='lat' dir='ltr'><strong>satis</strong></span> <span class='ocrx_word' id='word_1_48' title='bbox 893 905 1080 984; x_wconf 80' lang='lat' dir='ltr'><strong>frequentet.</strong></span> <span class='ocrx_word' id='word_1_49' title='bbox 1124 901 1239 964; x_wconf 85' lang='lat' dir='ltr'><strong>Exem-</strong></span> 
     </span>
     <span class='ocr_line' id='line_1_9' title="bbox 240 983 1292 1075; baseline -0.002 -24"><span class='ocrx_word' id='word_1_50' title='bbox 240 995 331 1075; x_wconf 83' lang='lat' dir='ltr'><strong>plum</strong></span> <span class='ocrx_word' id='word_1_51' title='bbox 345 1013 422 1052; x_wconf 86' lang='lat' dir='ltr'><strong>vero</strong></span> <span class='ocrx_word' id='word_1_52' title='bbox 441 994 635 1072; x_wconf 83' lang='lat' dir='ltr'><strong>pronominis</strong></span> <span class='ocrx_word' id='word_1_53' title='bbox 652 991 748 1068; x_wconf 83' lang='grc' dir='ltr'><strong><em>αὐτῷ,</em></strong></span> <span class='ocrx_word' id='word_1_54' title='bbox 770 991 863 1050; x_wconf 82' lang='lat' dir='ltr'><strong>alteri</strong></span> <span class='ocrx_word' id='word_1_55' title='bbox 878 989 1009 1050; x_wconf 81' lang='lat' dir='ltr'><strong>voculae</strong></span> <span class='ocrx_word' id='word_1_56' title='bbox 1031 987 1239 1068; x_wconf 74' lang='lat' dir='ltr'><strong>explicandae</strong></span> <span class='ocrx_word' id='word_1_57' title='bbox 1288 983 1292 989; x_wconf 73' lang='grc'>’</span> 
     </span>
     <span class='ocr_line' id='line_1_10' title="bbox 241 1069 1237 1157; baseline -0.007 -19"><span class='ocrx_word' id='word_1_58' title='bbox 241 1077 339 1138; x_wconf 84' lang='lat' dir='ltr'><strong>additi</strong></span> <span class='ocrx_word' id='word_1_59' title='bbox 356 1077 508 1150; x_wconf 78' lang='lat' dir='ltr'><strong>ascribis,</strong></span> <span class='ocrx_word' id='word_1_60' title='bbox 530 1087 576 1137; x_wconf 87' lang='lat' dir='ltr'><strong>est</strong></span> <span class='ocrx_word' id='word_1_61' title='bbox 588 1078 671 1157; x_wconf 89' lang='lat' dir='ltr'><strong>apud</strong></span> <span class='ocrx_word' id='word_1_62' title='bbox 686 1074 811 1143; x_wconf 80' lang='lat' dir='ltr'><strong>Arrian.</strong></span> <span class='ocrx_word' id='word_1_63' title='bbox 831 1069 950 1154; x_wconf 83' lang='lat' dir='ltr'><strong>Exped.</strong></span> <span class='ocrx_word' id='word_1_64' title='bbox 966 1073 1055 1133; x_wconf 83' lang='lat' dir='ltr'><strong>Alex.</strong></span> <span class='ocrx_word' id='word_1_65' title='bbox 1071 1073 1125 1132; x_wconf 83' lang='lat' dir='ltr'><strong>tv.</strong></span> <span class='ocrx_word' id='word_1_66' title='bbox 1148 1074 1194 1132; x_wconf 79' lang='lat'><strong>13.</strong></span> <span class='ocrx_word' id='word_1_67' title='bbox 1209 1093 1237 1152; x_wconf 88' lang='lat' dir='ltr'><strong>p.</strong></span> 
     </span>
     <span class='ocr_line' id='line_1_11' title="bbox 243 1155 1237 1246; baseline -0.004 -24"><span class='ocrx_word' id='word_1_68' title='bbox 243 1178 312 1236; x_wconf 89' lang='lat'><strong>170.</strong></span> <span class='ocrx_word' id='word_1_69' title='bbox 327 1161 393 1234; x_wconf 87' lang='lat' dir='ltr'><strong>vbi,</strong></span> <span class='ocrx_word' id='word_1_70' title='bbox 417 1181 476 1240; x_wconf 92' lang='lat' dir='ltr'><strong>pro</strong></span> <span class='ocrx_word' id='word_1_71' title='bbox 491 1159 531 1224; x_wconf 83' lang='grc' dir='ltr'><strong>οὐ</strong></span> <span class='ocrx_word' id='word_1_72' title='bbox 554 1160 672 1246; x_wconf 83' lang='grc' dir='ltr'><strong><em>βιωτόν</em></strong></span> <span class='ocrx_word' id='word_1_73' title='bbox 687 1169 719 1223; x_wconf 79' lang='lat' dir='ltr'><strong>ol</strong></span> <span class='ocrx_word' id='word_1_74' title='bbox 739 1166 814 1234; x_wconf 78' lang='grc' dir='ltr'><strong><em>ἐστι,</em></strong></span> <span class='ocrx_word' id='word_1_75' title='bbox 841 1157 946 1218; x_wconf 85' lang='lat' dir='ltr'><strong>Codex</strong></span> <span class='ocrx_word' id='word_1_76' title='bbox 957 1160 1134 1236; x_wconf 68' lang='lat' dir='ltr'><strong>praebeto!</strong></span> <span class='ocrx_word' id='word_1_77' title='bbox 1143 1155 1237 1232; x_wconf 78' lang='grc' dir='ltr'><strong><em>αὐτῷ·</em></strong></span> 
     </span>
     <span class='ocr_line' id='line_1_12' title="bbox 241 1240 1239 1328; baseline -0.005 -22"><span class='ocrx_word' id='word_1_78' title='bbox 241 1244 366 1306; x_wconf 86' lang='lat' dir='ltr'><strong>tametsi</strong></span> <span class='ocrx_word' id='word_1_79' title='bbox 378 1256 410 1304; x_wconf 90' lang='lat' dir='ltr'><strong>et</strong></span> <span class='ocrx_word' id='word_1_80' title='bbox 423 1243 485 1304; x_wconf 91' lang='lat' dir='ltr'><strong>hoc</strong></span> <span class='ocrx_word' id='word_1_81' title='bbox 500 1245 629 1305; x_wconf 81' lang='lat' dir='ltr'><strong>defendi</strong></span> <span class='ocrx_word' id='word_1_82' title='bbox 643 1246 740 1328; x_wconf 88' lang='lat' dir='ltr'><strong>possit</strong></span> <span class='ocrx_word' id='word_1_83' title='bbox 754 1265 771 1304; x_wconf 88' lang='lat' dir='ltr'><strong>e</strong></span> <span class='ocrx_word' id='word_1_84' title='bbox 787 1243 900 1303; x_wconf 84' lang='lat' dir='ltr'><strong>notatis</strong></span> <span class='ocrx_word' id='word_1_85' title='bbox 920 1243 997 1302; x_wconf 76' lang='lat' dir='ltr'><strong>act.</strong></span> <span class='ocrx_word' id='word_1_86' title='bbox 1016 1240 1190 1301; x_wconf 80' lang='lat' dir='ltr'><strong>Abreschio</strong></span> <span class='ocrx_word' id='word_1_87' title='bbox 1207 1243 1239 1300; x_wconf 90' lang='lat' dir='ltr'><strong>in</strong></span> 
     </span>
     <span class='ocr_line' id='line_1_13' title="bbox 239 1323 1240 1411; baseline -0.008 -20"><span class='ocrx_word' id='word_1_88' title='bbox 239 1327 379 1391; x_wconf 88' lang='lat' dir='ltr'><strong>Dilucid.</strong></span> <span class='ocrx_word' id='word_1_89' title='bbox 396 1328 540 1411; x_wconf 85' lang='lat' dir='ltr'><strong>Thucyd.</strong></span> <span class='ocrx_word' id='word_1_90' title='bbox 554 1351 623 1410; x_wconf 81' lang='lat' dir='ltr'><strong>pag.</strong></span> <span class='ocrx_word' id='word_1_91' title='bbox 633 1331 704 1407; x_wconf 77' lang='lat'><strong>714.</strong></span> <span class='ocrx_word' id='word_1_92' title='bbox 747 1329 782 1388; x_wconf 89' lang='lat' dir='ltr'><strong>ln</strong></span> <span class='ocrx_word' id='word_1_93' title='bbox 792 1326 958 1408; x_wconf 86' lang='lat' dir='ltr'><strong>Hegesippi</strong></span> <span class='ocrx_word' id='word_1_94' title='bbox 973 1336 1060 1386; x_wconf 85' lang='lat' dir='ltr'><strong>certe</strong></span> <span class='ocrx_word' id='word_1_95' title='bbox 1069 1323 1240 1404; x_wconf 80' lang='lat' dir='ltr'><strong>Epigram-</strong></span> 
     </span>
     <span class='ocr_line' id='line_1_14' title="bbox 240 1408 1241 1492; baseline -0.005 -18"><span class='ocrx_word' id='word_1_96' title='bbox 240 1410 325 1474; x_wconf 81' lang='lat' dir='ltr'><strong>mute</strong></span> <span class='ocrx_word' id='word_1_97' title='bbox 344 1411 465 1473; x_wconf 84' lang='lat' dir='ltr'><strong>Dorico</strong></span> <span class='ocrx_word' id='word_1_98' title='bbox 484 1435 610 1474; x_wconf 87' lang='lat' dir='ltr'><strong>necesse</strong></span> <span class='ocrx_word' id='word_1_99' title='bbox 631 1423 769 1487; x_wconf 85' lang='lat' dir='ltr'><strong>nonest,</strong></span> <span class='ocrx_word' id='word_1_100' title='bbox 790 1423 827 1472; x_wconf 84' lang='lat' dir='ltr'><strong>vt</strong></span> <span class='ocrx_word' id='word_1_101' title='bbox 848 1411 951 1490; x_wconf 76' lang='grc' dir='ltr'><strong><em>ἐφάνη</em></strong></span> <span class='ocrx_word' id='word_1_102' title='bbox 968 1410 1029 1492; x_wconf 73' lang='grc' dir='ltr'><strong>γάρ</strong></span> <span class='ocrx_word' id='word_1_103' title='bbox 1047 1415 1081 1471; x_wconf 83' lang='grc' dir='ltr'><strong>οἱ</strong></span> <span class='ocrx_word' id='word_1_104' title='bbox 1103 1409 1190 1484; x_wconf 85' lang='grc' dir='ltr'><strong>αύτᾷ</strong></span> <span class='ocrx_word' id='word_1_105' title='bbox 1201 1408 1241 1469; x_wconf 86' lang='lat' dir='ltr'><strong>‘I-</strong></span> 
     </span>
     <span class='ocr_line' id='line_1_15' title="bbox 242 1494 1239 1580; baseline -0.005 -21"><span class='ocrx_word' id='word_1_106' title='bbox 242 1497 320 1559; x_wconf 84' lang='grc' dir='ltr'><strong>στοῦ</strong></span> <span class='ocrx_word' id='word_1_107' title='bbox 332 1494 425 1578; x_wconf 75' lang='lat' dir='ltr'><strong>nupsi</strong></span> <span class='ocrx_word' id='word_1_108' title='bbox 439 1497 609 1580; x_wconf 86' lang='grc' dir='ltr'><strong><em>κρόκαισιν</em></strong></span> <span class='ocrx_word' id='word_1_109' title='bbox 630 1500 672 1563; x_wconf 81' lang='lat' dir='ltr'><strong>nic</strong></span> <span class='ocrx_word' id='word_1_110' title='bbox 686 1496 729 1561; x_wconf 84' lang='grc' dir='ltr'><strong>αύ</strong></span> <span class='ocrx_word' id='word_1_111' title='bbox 750 1496 774 1559; x_wconf 76' lang='grc' dir='ltr'><strong>οἱ</strong></span> <span class='ocrx_word' id='word_1_112' title='bbox 790 1495 902 1578; x_wconf 81' lang='grc' dir='ltr'><strong><em>πυρός,</em></strong></span> <span class='ocrx_word' id='word_1_113' title='bbox 925 1504 1139 1554; x_wconf 80' lang='lat' dir='ltr'><strong>commutetur</strong></span> <span class='ocrx_word' id='word_1_114' title='bbox 1158 1494 1191 1552; x_wconf 89' lang='lat' dir='ltr'><strong>iu</strong></span> <span class='ocrx_word' id='word_1_115' title='bbox 1205 1501 1239 1555; x_wconf 82' lang='grc' dir='ltr'><strong>οἱ</strong></span> 
     </span>
     <span class='ocr_line' id='line_1_16' title="bbox 241 1524 1239 1663; baseline -0.004 -21"><span class='ocrx_word' id='word_1_116' title='bbox 241 1578 326 1643; x_wconf 78' lang='grc' dir='ltr'><strong><em>αὐτοὶ</em></strong></span> <span class='ocrx_word' id='word_1_117' title='bbox 349 1603 421 1640; x_wconf 86' lang='lat' dir='ltr'><strong>cum</strong></span> <span class='ocrx_word' id='word_1_118' title='bbox 438 1583 565 1643; x_wconf 86' lang='lat' dir='ltr'><strong>doctiss.</strong></span> <span class='ocrx_word' id='word_1_119' title='bbox 587 1583 712 1663; x_wconf 81' lang='lat' dir='ltr'><strong>&#39;l&#39;oupio</strong></span> <span class='ocrx_word' id='word_1_120' title='bbox 730 1524 799 1642; x_wconf 53' lang='lat' dir='ltr'><strong>lm.</strong></span> <span class='ocrx_word' id='word_1_121' title='bbox 817 1581 851 1638; x_wconf 91' lang='lat' dir='ltr'><strong>in</strong></span> <span class='ocrx_word' id='word_1_122' title='bbox 873 1577 957 1638; x_wconf 88' lang='lat' dir='ltr'><strong>Suid.</strong></span> <span class='ocrx_word' id='word_1_123' title='bbox 982 1577 1019 1637; x_wconf 90' lang='lat' dir='ltr'><strong>ll.</strong></span> <span class='ocrx_word' id='word_1_124' title='bbox 1043 1599 1075 1658; x_wconf 88' lang='lat' dir='ltr'><strong>p.</strong></span> <span class='ocrx_word' id='word_1_125' title='bbox 1109 1577 1178 1654; x_wconf 85' lang='lat'><strong>137.</strong></span> <span class='ocrx_word' id='word_1_126' title='bbox 1198 1580 1239 1638; x_wconf 75' lang='lat'><strong>02</strong></span> 
     </span>
     <span class='ocr_line' id='line_1_17' title="bbox 241 1661 1241 1744; baseline -0.005 -16"><span class='ocrx_word' id='word_1_127' title='bbox 241 1661 327 1739; x_wconf 76' lang='grc' dir='ltr'><strong><em>αὐτᾷ</em></strong></span> <span class='ocrx_word' id='word_1_128' title='bbox 342 1667 415 1726; x_wconf 85' lang='lat' dir='ltr'><strong>satis</strong></span> <span class='ocrx_word' id='word_1_129' title='bbox 429 1676 536 1727; x_wconf 91' lang='lat' dir='ltr'><strong>tuetur</strong></span> <span class='ocrx_word' id='word_1_130' title='bbox 552 1665 704 1727; x_wconf 86' lang='lat' dir='ltr'><strong>Homerus</strong></span> <span class='ocrx_word' id='word_1_131' title='bbox 720 1665 754 1724; x_wconf 88' lang='lat' dir='ltr'><strong>ll.</strong></span> <span class='ocrx_word' id='word_1_132' title='bbox 772 1669 801 1726; x_wconf 93' lang='lat' dir='ltr'><strong>I.</strong></span> <span class='ocrx_word' id='word_1_133' title='bbox 818 1685 864 1725; x_wconf 84' lang='lat' dir='ltr'><strong>vs.</strong></span> <span class='ocrx_word' id='word_1_134' title='bbox 879 1665 950 1726; x_wconf 77' lang='lat'><strong>324.</strong></span> <span class='ocrx_word' id='word_1_135' title='bbox 966 1665 1073 1730; x_wconf 82' lang='grc' dir='ltr'><em>κακῶς</em></span> <span class='ocrx_word' id='word_1_136' title='bbox 1089 1661 1114 1723; x_wconf 82' lang='grc' dir='ltr'><strong>δ’</strong></span> <span class='ocrx_word' id='word_1_137' title='bbox 1126 1663 1195 1744; x_wconf 81' lang='grc' dir='ltr'><strong>ἄρα</strong></span> <span class='ocrx_word' id='word_1_138' title='bbox 1208 1667 1241 1723; x_wconf 70' lang='lat' dir='ltr'><strong>ot</strong></span> 
     </span>
     <span class='ocr_line' id='line_1_18' title="bbox 239 1746 1241 1837; baseline -0.007 -26"><span class='ocrx_word' id='word_1_139' title='bbox 239 1747 434 1837; x_wconf 73' lang='grc' dir='ltr'><strong><em>πέλειαύτῇ.</em></strong></span> <span class='ocrx_word' id='word_1_140' title='bbox 478 1749 708 1832; x_wconf 58' lang='lat' dir='ltr'><strong>[tonsoratus</strong></span> <span class='ocrx_word' id='word_1_141' title='bbox 729 1747 842 1826; x_wconf 68' lang='lat' dir='ltr'><strong>„Confi</strong></span> <span class='ocrx_word' id='word_1_142' title='bbox 860 1749 967 1808; x_wconf 87' lang='lat' dir='ltr'><strong>lncobs</strong></span> <span class='ocrx_word' id='word_1_143' title='bbox 1004 1747 1042 1807; x_wconf 84' lang='lat' dir='ltr'><strong>ad</strong></span> <span class='ocrx_word' id='word_1_144' title='bbox 1060 1746 1195 1812; x_wconf 78' lang='lat' dir='ltr'><strong>Anthol.</strong></span> <span class='ocrx_word' id='word_1_145' title='bbox 1218 1755 1241 1804; x_wconf 91' lang='lat' dir='ltr'><strong>t.</strong></span> 
     </span>
     <span class='ocr_line' id='line_1_19' title="bbox 242 1828 1239 1915; baseline -0.003 -21"><span class='ocrx_word' id='word_1_146' title='bbox 242 1835 271 1894; x_wconf 84' lang='grc'><strong>6.</strong></span> <span class='ocrx_word' id='word_1_147' title='bbox 280 1855 310 1914; x_wconf 90' lang='lat' dir='ltr'><strong>p.</strong></span> <span class='ocrx_word' id='word_1_148' title='bbox 323 1843 410 1910; x_wconf 69' lang='grc' dir='ltr'><strong>171.α</strong></span> <span class='ocrx_word' id='word_1_149' title='bbox 427 1835 493 1896; x_wconf 92' lang='lat' dir='ltr'><strong>lmo</strong></span> <span class='ocrx_word' id='word_1_150' title='bbox 507 1845 527 1893; x_wconf 89' lang='lat' dir='ltr'><strong>t.</strong></span> <span class='ocrx_word' id='word_1_151' title='bbox 539 1855 567 1915; x_wconf 87' lang='lat'><strong>7.</strong></span> <span class='ocrx_word' id='word_1_152' title='bbox 578 1855 602 1893; x_wconf 82' lang='lat' dir='ltr'><strong>s.</strong></span> <span class='ocrx_word' id='word_1_153' title='bbox 619 1834 831 1894; x_wconf 82' lang='lat' dir='ltr'><strong>Commenter.</strong></span> <span class='ocrx_word' id='word_1_154' title='bbox 848 1832 871 1892; x_wconf 92' lang='lat' dir='ltr'><strong>l.</strong></span> <span class='ocrx_word' id='word_1_155' title='bbox 889 1851 918 1892; x_wconf 86' lang='lat'><strong>2.</strong></span> <span class='ocrx_word' id='word_1_156' title='bbox 941 1831 1088 1912; x_wconf 57' lang='lat' dir='ltr'><strong>Scurra]</strong></span> <span class='ocrx_word' id='word_1_157' title='bbox 1109 1828 1239 1891; x_wconf 76' lang='lat' dir='ltr'><strong>Dasium</strong></span> 
     </span>
     <span class='ocr_line' id='line_1_20' title="bbox 211 1914 1241 1996; baseline -0.003 -19"><span class='ocrx_word' id='word_1_158' title='bbox 211 1983 217 1996; x_wconf 36' lang='lat'>⁸</span> <span class='ocrx_word' id='word_1_159' title='bbox 241 1929 287 1977; x_wconf 84' lang='lat' dir='ltr'><strong>est</strong></span> <span class='ocrx_word' id='word_1_160' title='bbox 305 1925 347 1992; x_wconf 91' lang='lat' dir='ltr'><strong>ot,</strong></span> <span class='ocrx_word' id='word_1_161' title='bbox 368 1939 439 1980; x_wconf 89' lang='lat' dir='ltr'><strong>mea</strong></span> <span class='ocrx_word' id='word_1_162' title='bbox 461 1921 624 1993; x_wconf 86' lang='lat' dir='ltr'><strong>sententia,</strong></span> <span class='ocrx_word' id='word_1_163' title='bbox 648 1919 740 1978; x_wconf 84' lang='lat' dir='ltr'><strong>etiam</strong></span> <span class='ocrx_word' id='word_1_164' title='bbox 759 1919 793 1976; x_wconf 92' lang='lat' dir='ltr'><strong>in</strong></span> <span class='ocrx_word' id='word_1_165' title='bbox 815 1915 945 1996; x_wconf 87' lang='lat' dir='ltr'><strong>Orpheo</strong></span> <span class='ocrx_word' id='word_1_166' title='bbox 967 1916 1006 1974; x_wconf 90' lang='lat' dir='ltr'><strong>de</strong></span> <span class='ocrx_word' id='word_1_167' title='bbox 1028 1915 1139 1996; x_wconf 76' lang='lat' dir='ltr'><strong>Lepid.</strong></span> <span class='ocrx_word' id='word_1_168' title='bbox 1162 1914 1241 1996; x_wconf 84' lang='lat' dir='ltr'><strong>lasp.</strong></span> 
     </span>
     <span class='ocr_line' id='line_1_21' title="bbox 239 2000 1242 2080; baseline -0.004 -18"><span class='ocrx_word' id='word_1_169' title='bbox 239 2021 287 2062; x_wconf 83' lang='lat' dir='ltr'><strong>vs.</strong></span> <span class='ocrx_word' id='word_1_170' title='bbox 304 2001 403 2064; x_wconf 61' lang='lat' dir='ltr'><strong>used</strong></span> <span class='ocrx_word' id='word_1_171' title='bbox 419 2005 508 2063; x_wconf 89' lang='lat' dir='ltr'><strong>iuuat</strong></span> <span class='ocrx_word' id='word_1_172' title='bbox 523 2023 576 2062; x_wconf 89' lang='lat' dir='ltr'><strong>eos</strong></span> <span class='ocrx_word' id='word_1_173' title='bbox 587 2023 695 2062; x_wconf 86' lang='lat' dir='ltr'><strong>versus</strong></span> <span class='ocrx_word' id='word_1_174' title='bbox 709 2002 948 2074; x_wconf 82' lang='lat' dir='ltr'><strong>emendatiores,</strong></span> <span class='ocrx_word' id='word_1_175' title='bbox 971 2021 1062 2078; x_wconf 86' lang='lat' dir='ltr'><strong>quanr</strong></span> <span class='ocrx_word' id='word_1_176' title='bbox 1081 2001 1178 2080; x_wconf 78' lang='lat' dir='ltr'><strong>vulgo</strong></span> <span class='ocrx_word' id='word_1_177' title='bbox 1190 2000 1242 2059; x_wconf 85' lang='lat' dir='ltr'><strong>le-</strong></span> 
     </span>
     <span class='ocr_line' id='line_1_22' title="bbox 239 2082 1243 2170; baseline 0.001 -26"><span class='ocrx_word' id='word_1_178' title='bbox 239 2095 365 2164; x_wconf 84' lang='lat' dir='ltr'><strong>guntur,</strong></span> <span class='ocrx_word' id='word_1_179' title='bbox 395 2087 590 2147; x_wconf 86' lang='lat' dir='ltr'><strong>adscribere:</strong></span> <span class='ocrx_word' id='word_1_180' title='bbox 617 2090 688 2148; x_wconf 80' lang='lat' dir='ltr'><strong>Kal</strong></span> <span class='ocrx_word' id='word_1_181' title='bbox 710 2083 877 2170; x_wconf 74' lang='grc' dir='ltr'><strong><em>γλαφυρόν</em></strong></span> <span class='ocrx_word' id='word_1_182' title='bbox 900 2090 1041 2169; x_wconf 79' lang='grc' dir='ltr'><strong><em>κομίσας</em></strong></span> <span class='ocrx_word' id='word_1_183' title='bbox 1061 2082 1243 2168; x_wconf 79' lang='grc' dir='ltr'><strong><em>αἐρὸχροον</em></strong></span> 
     </span>
     <span class='ocr_line' id='line_1_23' title="bbox 239 2167 1242 2254; baseline 0.001 -26"><span class='ocrx_word' id='word_1_184' title='bbox 239 2171 299 2254; x_wconf 88' lang='lat' dir='ltr'><strong>[ita</strong></span> <span class='ocrx_word' id='word_1_185' title='bbox 324 2191 383 2250; x_wconf 91' lang='lat' dir='ltr'><strong>pro</strong></span> <span class='ocrx_word' id='word_1_186' title='bbox 407 2169 584 2253; x_wconf 81' lang='grc' dir='ltr'><strong><em>ίαρόχροον</em></strong></span> <span class='ocrx_word' id='word_1_187' title='bbox 600 2171 764 2252; x_wconf 86' lang='lat' dir='ltr'><strong>rescripsit</strong></span> <span class='ocrx_word' id='word_1_188' title='bbox 784 2170 951 2230; x_wconf 83' lang='lat' dir='ltr'><strong>Salmasius</strong></span> <span class='ocrx_word' id='word_1_189' title='bbox 972 2167 1087 2230; x_wconf 82' lang='lat' dir='ltr'><strong>Exere.</strong></span> <span class='ocrx_word' id='word_1_190' title='bbox 1112 2169 1194 2228; x_wconf 87' lang='lat' dir='ltr'><strong>Plin.</strong></span> <span class='ocrx_word' id='word_1_191' title='bbox 1210 2189 1242 2248; x_wconf 87' lang='lat' dir='ltr'><strong>p.</strong></span> 
     </span>
     <span class='ocr_line' id='line_1_24' title="bbox 242 2251 1241 2338; baseline -0.002 -24"><span class='ocrx_word' id='word_1_192' title='bbox 242 2253 329 2336; x_wconf 66' lang='lat' dir='ltr'><strong>stt]</strong></span> <span class='ocrx_word' id='word_1_193' title='bbox 349 2259 443 2318; x_wconf 88' lang='grc' dir='ltr'><strong><em>α’ίκέν</em></strong></span> <span class='ocrx_word' id='word_1_194' title='bbox 457 2255 596 2318; x_wconf 84' lang='grc' dir='ltr'><strong><em>Ἵαστιιν</em></strong></span> <span class='ocrx_word' id='word_1_195' title='bbox 618 2253 706 2336; x_wconf 80' lang='grc' dir='ltr'><strong><em>Ἱεροὶ</em></strong></span> <span class='ocrx_word' id='word_1_196' title='bbox 731 2253 820 2336; x_wconf 78' lang='grc' dir='ltr'><strong><em>ῥέζοι</em></strong></span> <span class='ocrx_word' id='word_1_197' title='bbox 839 2277 893 2327; x_wconf 84' lang='grc' dir='ltr'><strong><em>τις,</em></strong></span> <span class='ocrx_word' id='word_1_198' title='bbox 914 2251 1073 2338; x_wconf 80' lang='grc' dir='ltr'><em>μακάρων</em></span> <span class='ocrx_word' id='word_1_199' title='bbox 1097 2259 1241 2316; x_wconf 75' lang='grc' dir='ltr'><strong><em>ἰαίνεται</em></strong></span> 
     </span>
     <span class='ocr_line' id='line_1_25' title="bbox 238 2329 1239 2422; baseline -0.002 -23"><span class='ocrx_word' id='word_1_200' title='bbox 238 2329 330 2417; x_wconf 77' lang='grc' dir='ltr'><strong><em>ἦτορ,</em></strong></span> <span class='ocrx_word' id='word_1_201' title='bbox 363 2344 437 2401; x_wconf 87' lang='grc' dir='ltr'><strong>Καί</strong></span> <span class='ocrx_word' id='word_1_202' title='bbox 455 2347 488 2400; x_wconf 82' lang='lat' dir='ltr'><strong>ot</strong></span> <span class='ocrx_word' id='word_1_203' title='bbox 512 2343 703 2422; x_wconf 76' lang='grc' dir='ltr'><strong><em>καρφαλέας</em></strong></span> <span class='ocrx_word' id='word_1_204' title='bbox 723 2341 856 2416; x_wconf 72' lang='grc' dir='ltr'><strong><em>νεφέλαι</em></strong></span> <span class='ocrx_word' id='word_1_205' title='bbox 877 2344 1066 2420; x_wconf 80' lang='grc' dir='ltr'><strong><em>κορέσοοσιν</em></strong></span> <span class='ocrx_word' id='word_1_206' title='bbox 1085 2335 1239 2419; x_wconf 80' lang='grc' dir='ltr'><strong><em>α’ροὺρας.</em></strong></span> 
     </span>
     <span class='ocr_line' id='line_1_26' title="bbox 237 2419 1240 2510; baseline -0.001 -29"><span class='ocrx_word' id='word_1_207' title='bbox 237 2419 315 2482; x_wconf 80' lang='grc' dir='ltr'><strong>Ἡδὲ</strong></span> <span class='ocrx_word' id='word_1_208' title='bbox 331 2429 388 2483; x_wconf 81' lang='grc' dir='ltr'><strong>καί</strong></span> <span class='ocrx_word' id='word_1_209' title='bbox 404 2421 612 2510; x_wconf 71' lang='grc' dir='ltr'><em>αὐχμηρῇσιν</em></span> <span class='ocrx_word' id='word_1_210' title='bbox 626 2422 720 2502; x_wconf 74' lang='grc' dir='ltr'><strong><em>ἄγοις</em></strong></span> <span class='ocrx_word' id='word_1_211' title='bbox 733 2419 836 2486; x_wconf 73' lang='grc' dir='ltr'><strong><em>πολύν</em></strong></span> <span class='ocrx_word' id='word_1_212' title='bbox 851 2421 975 2507; x_wconf 76' lang='grc' dir='ltr'><strong><em>ὄμβρον</em></strong></span> <span class='ocrx_word' id='word_1_213' title='bbox 992 2419 1163 2504; x_wconf 75' lang='grc' dir='ltr'><strong><em>ἀρούραις,</em></strong></span> <span class='ocrx_word' id='word_1_214' title='bbox 1180 2432 1240 2481; x_wconf 88' lang='lat' dir='ltr'><strong>etc.</strong></span> 
     </span>
     <span class='ocr_line' id='line_1_27' title="bbox 238 2503 1241 2590; baseline 0.004 -29"><span class='ocrx_word' id='word_1_215' title='bbox 238 2503 401 2564; x_wconf 87' lang='lat' dir='ltr'><strong>Postremo</strong></span> <span class='ocrx_word' id='word_1_216' title='bbox 415 2525 598 2566; x_wconf 80' lang='lat' dir='ltr'><strong>versunum</strong></span> <span class='ocrx_word' id='word_1_217' title='bbox 613 2527 697 2586; x_wconf 89' lang='lat' dir='ltr'><strong>seqq.</strong></span> <span class='ocrx_word' id='word_1_218' title='bbox 716 2505 811 2566; x_wconf 66' lang='lat' dir='ltr'><strong>Poeta</strong></span> <span class='ocrx_word' id='word_1_219' title='bbox 831 2508 933 2590; x_wconf 85' lang='lat' dir='ltr'><strong>ipsum</strong></span> <span class='ocrx_word' id='word_1_220' title='bbox 948 2505 1086 2590; x_wconf 82' lang='lat' dir='ltr'><strong>lapidem</strong></span> <span class='ocrx_word' id='word_1_221' title='bbox 1102 2504 1241 2585; x_wconf 83' lang='lat' dir='ltr'><strong>ulloqui-</strong></span> 
     </span>
     <span class='ocr_line' id='line_1_28' title="bbox 237 2588 1240 2668; baseline 0.006 -24"><span class='ocrx_word' id='word_1_222' title='bbox 237 2597 303 2652; x_wconf 86' lang='lat' dir='ltr'><strong>tur.</strong></span> <span class='ocrx_word' id='word_1_223' title='bbox 324 2588 427 2652; x_wconf 79' lang='lat' dir='ltr'><strong>Korn.</strong></span> <span class='ocrx_word' id='word_1_224' title='bbox 470 2588 605 2650; x_wconf 76' lang='lat' dir='ltr'><strong>Bestius:</strong></span> <span class='ocrx_word' id='word_1_225' title='bbox 633 2591 700 2665; x_wconf 85' lang='lat' dir='ltr'><strong>„Vt</strong></span> <span class='ocrx_word' id='word_1_226' title='bbox 718 2599 752 2653; x_wconf 89' lang='grc' dir='ltr'><strong>οί</strong></span> <span class='ocrx_word' id='word_1_227' title='bbox 774 2589 869 2668; x_wconf 79' lang='grc' dir='ltr'><em>αὐτῷ,</em></span> <span class='ocrx_word' id='word_1_228' title='bbox 892 2592 938 2651; x_wconf 89' lang='lat' dir='ltr'><strong>sic</strong></span> <span class='ocrx_word' id='word_1_229' title='bbox 954 2591 1069 2652; x_wconf 87' lang='lat' dir='ltr'><strong>Graeci</strong></span> <span class='ocrx_word' id='word_1_230' title='bbox 1087 2593 1240 2652; x_wconf 87' lang='lat' dir='ltr'><strong>dixerunt</strong></span> 
     </span>
     <span class='ocr_line' id='line_1_29' title="bbox 236 2665 1239 2759; baseline 0.005 -25"><span class='ocrx_word' id='word_1_231' title='bbox 236 2665 273 2734; x_wconf 75' lang='grc' dir='ltr'><strong>’ἑο</strong></span> <span class='ocrx_word' id='word_1_232' title='bbox 295 2667 320 2732; x_wconf 79' lang='grc' dir='ltr'><strong>δ’</strong></span> <span class='ocrx_word' id='word_1_233' title='bbox 345 2672 453 2747; x_wconf 77' lang='grc' dir='ltr'><strong><em>αὑτοῦ,</em></strong></span> <span class='ocrx_word' id='word_1_234' title='bbox 477 2668 551 2736; x_wconf 67' lang='lat' dir='ltr'><strong>‘tat</strong></span> <span class='ocrx_word' id='word_1_235' title='bbox 577 2671 688 2750; x_wconf 80' lang='grc' dir='ltr'><strong><em>αὐτόν,</em></strong></span> <span class='ocrx_word' id='word_1_236' title='bbox 710 2681 767 2759; x_wconf 84' lang='grc' dir='ltr'><strong>μίν</strong></span> <span class='ocrx_word' id='word_1_237' title='bbox 786 2675 896 2749; x_wconf 79' lang='grc' dir='ltr'><strong><em>αὐτόν,</em></strong></span> <span class='ocrx_word' id='word_1_238' title='bbox 919 2677 1034 2756; x_wconf 50' lang='grc' dir='ltr'><em>σφέας,</em></span> <span class='ocrx_word' id='word_1_239' title='bbox 1049 2673 1179 2750; x_wconf 72' lang='grc' dir='ltr'><strong><em>αὐτούς,</em></strong></span> <span class='ocrx_word' id='word_1_240' title='bbox 1199 2674 1239 2732; x_wconf 74' lang='lat' dir='ltr'><strong>de</strong></span> 
     </span>
     <span class='ocr_line' id='line_1_30' title="bbox 238 2754 1239 2840; baseline 0.003 -27"><span class='ocrx_word' id='word_1_241' title='bbox 238 2754 349 2836; x_wconf 87' lang='lat' dir='ltr'><strong>quibus</strong></span> <span class='ocrx_word' id='word_1_242' title='bbox 371 2757 558 2836; x_wconf 85' lang='lat' dir='ltr'><strong>Apollonius</strong></span> <span class='ocrx_word' id='word_1_243' title='bbox 580 2755 673 2838; x_wconf 86' lang='lat' dir='ltr'><strong>Dysc.</strong></span> <span class='ocrx_word' id='word_1_244' title='bbox 696 2759 842 2840; x_wconf 89' lang='lat' dir='ltr'><strong>pluribus</strong></span> <span class='ocrx_word' id='word_1_245' title='bbox 864 2760 952 2820; x_wconf 85' lang='lat' dir='ltr'><strong>locis.</strong></span> <span class='ocrx_word' id='word_1_246' title='bbox 1007 2759 1069 2818; x_wconf 85' lang='lat' dir='ltr'><strong>Sed</strong></span> <span class='ocrx_word' id='word_1_247' title='bbox 1092 2756 1239 2839; x_wconf 79' lang='lat' dir='ltr'><strong>inprimis</strong></span> 
     </span>
     <span class='ocr_line' id='line_1_31' title="bbox 237 2841 1239 2924; baseline 0.002 -26"><span class='ocrx_word' id='word_1_248' title='bbox 237 2857 403 2920; x_wconf 82' lang='lat' dir='ltr'><strong>compares</strong></span> <span class='ocrx_word' id='word_1_249' title='bbox 417 2862 490 2900; x_wconf 87' lang='lat' dir='ltr'><strong>cum</strong></span> <span class='ocrx_word' id='word_1_250' title='bbox 502 2844 561 2902; x_wconf 91' lang='lat' dir='ltr'><strong>illo</strong></span> <span class='ocrx_word' id='word_1_251' title='bbox 576 2841 763 2902; x_wconf 87' lang='lat' dir='ltr'><strong>Hesiodeum</strong></span> <span class='ocrx_word' id='word_1_252' title='bbox 775 2847 808 2906; x_wconf 88' lang='grc' dir='ltr'><strong>ἲν</strong></span> <span class='ocrx_word' id='word_1_253' title='bbox 823 2842 920 2920; x_wconf 81' lang='grc' dir='ltr'><strong><em>αὐτῷ,</em></strong></span> <span class='ocrx_word' id='word_1_254' title='bbox 942 2843 1025 2924; x_wconf 87' lang='lat' dir='ltr'><strong>quod</strong></span> <span class='ocrx_word' id='word_1_255' title='bbox 1042 2863 1239 2904; x_wconf 87' lang='lat' dir='ltr'><strong>commemo.-</strong></span> 
     </span>
     <span class='ocr_line' id='line_1_32' title="bbox 236 2923 1239 3009; baseline 0.001 -26"><span class='ocrx_word' id='word_1_256' title='bbox 236 2932 290 2983; x_wconf 87' lang='lat' dir='ltr'><strong>rat</strong></span> <span class='ocrx_word' id='word_1_257' title='bbox 301 2923 488 3004; x_wconf 81' lang='lat' dir='ltr'><strong>Apollonius</strong></span> <span class='ocrx_word' id='word_1_258' title='bbox 503 2926 538 2984; x_wconf 92' lang='lat' dir='ltr'><strong>in</strong></span> <span class='ocrx_word' id='word_1_259' title='bbox 554 2925 717 3006; x_wconf 87' lang='lat' dir='ltr'><strong>Excerptis</strong></span> <span class='ocrx_word' id='word_1_260' title='bbox 737 2949 755 2986; x_wconf 85' lang='lat' dir='ltr'><strong>a</strong></span> <span class='ocrx_word' id='word_1_261' title='bbox 777 2927 902 2988; x_wconf 81' lang='lat' dir='ltr'><strong>Sturzio</strong></span> <span class='ocrx_word' id='word_1_262' title='bbox 929 2947 1030 3009; x_wconf 91' lang='lat' dir='ltr'><strong>nuper</strong></span> <span class='ocrx_word' id='word_1_263' title='bbox 1047 2927 1190 3008; x_wconf 83' lang='lat' dir='ltr'><strong>repetitis</strong></span> <span class='ocrx_word' id='word_1_264' title='bbox 1208 2945 1239 3006; x_wconf 88' lang='lat' dir='ltr'><strong>p.</strong></span> 
     </span>
     <span class='ocr_line' id='line_1_33' title="bbox 238 3005 1239 3091; baseline 0.003 -23"><span class='ocrx_word' id='word_1_265' title='bbox 238 3005 311 3068; x_wconf 81' lang='lat'><strong>556.</strong></span> <span class='ocrx_word' id='word_1_266' title='bbox 325 3009 380 3090; x_wconf 87' lang='lat' dir='ltr'><strong>qui</strong></span> <span class='ocrx_word' id='word_1_267' title='bbox 393 3008 489 3084; x_wconf 91' lang='lat' dir='ltr'><strong>locus,</strong></span> <span class='ocrx_word' id='word_1_268' title='bbox 510 3019 629 3070; x_wconf 84' lang='lat' dir='ltr'><strong>sumtus</strong></span> <span class='ocrx_word' id='word_1_269' title='bbox 644 3009 701 3069; x_wconf 91' lang='lat' dir='ltr'><strong>ille</strong></span> <span class='ocrx_word' id='word_1_270' title='bbox 719 3031 759 3070; x_wconf 83' lang='lat' dir='ltr'><strong>ex</strong></span> <span class='ocrx_word' id='word_1_271' title='bbox 772 3011 855 3072; x_wconf 90' lang='lat' dir='ltr'><strong>libro</strong></span> <span class='ocrx_word' id='word_1_272' title='bbox 871 3012 1075 3088; x_wconf 81' lang='lat' dir='ltr'><strong>Grammatici</strong></span> <span class='ocrx_word' id='word_1_273' title='bbox 1090 3017 1164 3091; x_wconf 82' lang='grc' dir='ltr'><strong><em>περὶ</em></strong></span> <span class='ocrx_word' id='word_1_274' title='bbox 1178 3007 1239 3072; x_wconf 82' lang='grc' dir='ltr'><strong><em>οἷν-</em></strong></span> 
     </span>
     <span class='ocr_line' id='line_1_34' title="bbox 236 3090 1240 3192; baseline 0.003 -39"><span class='ocrx_word' id='word_1_275' title='bbox 236 3093 417 3192; x_wconf 54' lang='grc' dir='ltr'><strong><em>ἰωνυμιῶν,</em></strong></span> <span class='ocrx_word' id='word_1_276' title='bbox 439 3094 483 3153; x_wconf 87' lang='lat' dir='ltr'><strong>sic</strong></span> <span class='ocrx_word' id='word_1_277' title='bbox 500 3095 650 3174; x_wconf 86' lang='lat' dir='ltr'><strong>legendus</strong></span> <span class='ocrx_word' id='word_1_278' title='bbox 669 3095 767 3176; x_wconf 81' lang='lat' dir='ltr'><strong>est*):</strong></span> <span class='ocrx_word' id='word_1_279' title='bbox 789 3097 827 3187; x_wconf 62' lang='grc' dir='ltr'><strong>τι]</strong></span> <span class='ocrx_word' id='word_1_280' title='bbox 847 3103 908 3159; x_wconf 85' lang='grc' dir='ltr'><strong>τίν</strong></span> <span class='ocrx_word' id='word_1_281' title='bbox 922 3095 1056 3180; x_wconf 82' lang='grc' dir='ltr'><strong><em>σύζυγος</em></strong></span> <span class='ocrx_word' id='word_1_282' title='bbox 1070 3095 1092 3172; x_wconf 76' lang='grc' dir='ltr'><em>ἡ</em></span> <span class='ocrx_word' id='word_1_283' title='bbox 1107 3100 1161 3172; x_wconf 74' lang='grc' dir='ltr'><strong>ἲν,</strong></span> <span class='ocrx_word' id='word_1_284' title='bbox 1184 3090 1240 3157; x_wconf 77' lang='grc' dir='ltr'><strong>τοῦ</strong></span> 
     </span>
     <span class='ocr_line' id='line_1_35' title="bbox 237 3193 615 3280; baseline -0.005 -20"><span class='ocrx_word' id='word_1_285' title='bbox 237 3223 256 3260; x_wconf 81' lang='grc' dir='ltr'><strong><em>τ</em></strong></span> <span class='ocrx_word' id='word_1_286' title='bbox 272 3194 440 3280; x_wconf 76' lang='grc' dir='ltr'><strong><em>ἀρθέντος.</em></strong></span> <span class='ocrx_word' id='word_1_287' title='bbox 461 3193 615 3264; x_wconf 81' lang='grc' dir='ltr'><strong><em>Ἡσίοδος·</em></strong></span> 
     </span>
     <span class='ocr_line' id='line_1_36' title="bbox 491 3277 993 3366; baseline -0.002 -23"><span class='ocrx_word' id='word_1_288' title='bbox 491 3282 525 3343; x_wconf 80' lang='grc' dir='ltr'><strong>ἲν</strong></span> <span class='ocrx_word' id='word_1_289' title='bbox 546 3279 571 3342; x_wconf 82' lang='grc' dir='ltr'><strong>δ’</strong></span> <span class='ocrx_word' id='word_1_290' title='bbox 589 3279 676 3358; x_wconf 78' lang='grc' dir='ltr'><strong><em>αὐτῷ</em></strong></span> <span class='ocrx_word' id='word_1_291' title='bbox 695 3277 845 3344; x_wconf 75' lang='grc' dir='ltr'><strong><em>θανάτου</em></strong></span> <span class='ocrx_word' id='word_1_292' title='bbox 865 3285 993 3366; x_wconf 82' lang='grc' dir='ltr'><strong><em>ταμίης.</em></strong></span> 
     </span>
     <span class='ocr_line' id='line_1_37' title="bbox 238 3361 1239 3450; baseline -0.002 -22"><span class='ocrx_word' id='word_1_293' title='bbox 238 3363 306 3428; x_wconf 79' lang='grc' dir='ltr'><strong><em>ἔστι</em></strong></span> <span class='ocrx_word' id='word_1_294' title='bbox 320 3371 377 3428; x_wconf 84' lang='grc' dir='ltr'><strong>καί</strong></span> <span class='ocrx_word' id='word_1_295' title='bbox 392 3361 414 3440; x_wconf 71' lang='grc' dir='ltr'><strong>η’</strong></span> <span class='ocrx_word' id='word_1_296' title='bbox 429 3369 499 3443; x_wconf 71' lang='lat' dir='ltr'><strong>ilc,</strong></span> <span class='ocrx_word' id='word_1_297' title='bbox 521 3363 590 3428; x_wconf 79' lang='grc' dir='ltr'><strong><em>οἱνιό</em></strong></span> <span class='ocrx_word' id='word_1_298' title='bbox 605 3365 660 3442; x_wconf 77' lang='grc' dir='ltr'><strong>τῆς</strong></span> <span class='ocrx_word' id='word_1_299' title='bbox 674 3369 771 3442; x_wconf 69' lang='grc' dir='ltr'><strong><em>τεῒν,</em></strong></span> <span class='ocrx_word' id='word_1_300' title='bbox 794 3363 888 3446; x_wconf 71' lang='grc' dir='ltr'><strong><em>παρά</em></strong></span> <span class='ocrx_word' id='word_1_301' title='bbox 899 3364 1080 3450; x_wconf 74' lang='grc' dir='ltr'><strong>Ἀντιμάχῳ</strong></span> <span class='ocrx_word' id='word_1_302' title='bbox 1096 3371 1155 3428; x_wconf 85' lang='grc' dir='ltr'><strong>καί</strong></span> <span class='ocrx_word' id='word_1_303' title='bbox 1166 3367 1239 3427; x_wconf 86' lang='grc' dir='ltr'><strong>Κο-</strong></span> 
     </span>
     <span class='ocr_line' id='line_1_38' title="bbox 239 3445 1238 3536; baseline 0.001 -27"><span class='ocrx_word' id='word_1_304' title='bbox 239 3452 344 3534; x_wconf 74' lang='grc' dir='ltr'><strong><em>ρίννῃ,</em></strong></span> <span class='ocrx_word' id='word_1_305' title='bbox 367 3455 420 3510; x_wconf 75' lang='grc' dir='ltr'><strong>ἐπὶ</strong></span> <span class='ocrx_word' id='word_1_306' title='bbox 443 3449 570 3526; x_wconf 76' lang='grc' dir='ltr'><strong><em>δοτικῆς</em></strong></span> <span class='ocrx_word' id='word_1_307' title='bbox 588 3449 657 3515; x_wconf 74' lang='grc' dir='ltr'><em>’ἐσθ’</em></span> <span class='ocrx_word' id='word_1_308' title='bbox 679 3445 730 3514; x_wconf 79' lang='grc' dir='ltr'><strong>ὅτε</strong></span> <span class='ocrx_word' id='word_1_309' title='bbox 756 3453 1095 3536; x_wconf 79' lang='grc' dir='ltr'><strong><em>παραλαμβανομίνη.</em></strong></span> <span class='ocrx_word' id='word_1_310' title='bbox 1132 3449 1186 3514; x_wconf 88' lang='grc' dir='ltr'><strong>Ἳν</strong></span> <span class='ocrx_word' id='word_1_311' title='bbox 1207 3445 1238 3510; x_wconf 76' lang='grc' dir='ltr'><strong>δ’</strong></span> 
     </span>
     <span class='ocr_line' id='line_1_39' title="bbox 238 3531 1237 3614; baseline -0.005 -18"><span class='ocrx_word' id='word_1_312' title='bbox 238 3531 325 3608; x_wconf 83' lang='grc' dir='ltr'><strong><em>αύτῷ</em></strong></span> <span class='ocrx_word' id='word_1_313' title='bbox 346 3553 406 3612; x_wconf 90' lang='lat' dir='ltr'><strong>pro</strong></span> <span class='ocrx_word' id='word_1_314' title='bbox 426 3535 585 3614; x_wconf 86' lang='lat' dir='ltr'><strong>scriptura</strong></span> <span class='ocrx_word' id='word_1_315' title='bbox 608 3535 732 3596; x_wconf 85' lang='lat' dir='ltr'><strong>Codicis</strong></span> <span class='ocrx_word' id='word_1_316' title='bbox 751 3559 791 3612; x_wconf 83' lang='grc' dir='ltr'><strong>ην</strong></span> <span class='ocrx_word' id='word_1_317' title='bbox 808 3533 832 3594; x_wconf 83' lang='grc' dir='ltr'><strong>δ’</strong></span> <span class='ocrx_word' id='word_1_318' title='bbox 849 3559 934 3600; x_wconf 78' lang='lat' dir='ltr'><strong>autor</strong></span> <span class='ocrx_word' id='word_1_319' title='bbox 953 3535 1015 3596; x_wconf 82' lang='lat' dir='ltr'><strong>iam</strong></span> <span class='ocrx_word' id='word_1_320' title='bbox 1035 3534 1237 3602; x_wconf 83' lang='lat' dir='ltr'><strong>Ruhnkenius</strong></span> 
     </span>
     <span class='ocr_line' id='line_1_40' title="bbox 238 3613 1236 3698; baseline -0.001 -22"><span class='ocrx_word' id='word_1_321' title='bbox 238 3616 382 3677; x_wconf 84' lang='lat' dir='ltr'><strong>correxit</strong></span> <span class='ocrx_word' id='word_1_322' title='bbox 394 3613 491 3695; x_wconf 87' lang='lat' dir='ltr'><strong>Epist.</strong></span> <span class='ocrx_word' id='word_1_323' title='bbox 515 3617 591 3679; x_wconf 76' lang='lat' dir='ltr'><strong>crit.</strong></span> <span class='ocrx_word' id='word_1_324' title='bbox 614 3640 644 3698; x_wconf 93' lang='lat' dir='ltr'><strong>p.</strong></span> <span class='ocrx_word' id='word_1_325' title='bbox 671 3621 738 3683; x_wconf 79' lang='lat'><strong>114.</strong></span> <span class='ocrx_word' id='word_1_326' title='bbox 783 3618 869 3694; x_wconf 90' lang='lat' dir='ltr'><strong>„Hoc</strong></span> <span class='ocrx_word' id='word_1_327' title='bbox 886 3619 1106 3698; x_wconf 84' lang='lat' dir='ltr'><strong>fragmentum,</strong></span> <span class='ocrx_word' id='word_1_328' title='bbox 1127 3619 1236 3698; x_wconf 87' lang='lat' dir='ltr'><strong>inquit,</strong></span> 
     </span>
     <span class='ocr_line' id='line_1_41' title="bbox 239 3699 1237 3784; baseline -0.001 -24"><span class='ocrx_word' id='word_1_329' title='bbox 239 3701 301 3778; x_wconf 89' lang='lat' dir='ltr'><strong>„de</strong></span> <span class='ocrx_word' id='word_1_330' title='bbox 315 3699 522 3779; x_wconf 80' lang='lat' dir='ltr'><strong>Endymione,</strong></span> <span class='ocrx_word' id='word_1_331' title='bbox 532 3703 644 3764; x_wconf 88' lang='lat' dir='ltr'><strong>mortis</strong></span> <span class='ocrx_word' id='word_1_332' title='bbox 656 3725 729 3764; x_wconf 85' lang='lat' dir='ltr'><strong>suae</strong></span> <span class='ocrx_word' id='word_1_333' title='bbox 747 3703 876 3776; x_wconf 81' lang='lat' dir='ltr'><strong>arbitro,</strong></span> <span class='ocrx_word' id='word_1_334' title='bbox 905 3703 1146 3784; x_wconf 85' lang='lat' dir='ltr'><strong>intelligendum</strong></span> <span class='ocrx_word' id='word_1_335' title='bbox 1163 3723 1237 3776; x_wconf 88' lang='lat' dir='ltr'><strong>esse,</strong></span> 
     </span>
    </p>
   </div>
   <div class='ocr_carea' id='block_1_4' title="bbox 238 3785 1236 3870">
    <p class='ocr_par' dir='ltr' id='par_1_4' title="bbox 238 3785 1236 3870">
     <span class='ocr_line' id='line_1_42' title="bbox 238 3785 1236 3870; baseline 0.004 -26"><span class='ocrx_word' id='word_1_336' title='bbox 238 3785 410 3864; x_wconf 87' lang='lat' dir='ltr'><strong>„discimus</strong></span> <span class='ocrx_word' id='word_1_337' title='bbox 426 3803 467 3846; x_wconf 82' lang='lat' dir='ltr'><strong>ex</strong></span> <span class='ocrx_word' id='word_1_338' title='bbox 480 3785 645 3848; x_wconf 81' lang='lat' dir='ltr'><strong>scholiaste</strong></span> <span class='ocrx_word' id='word_1_339' title='bbox 664 3788 769 3870; x_wconf 90' lang='lat' dir='ltr'><strong>Apoll.</strong></span> <span class='ocrx_word' id='word_1_340' title='bbox 786 3787 889 3848; x_wconf 85' lang='lat' dir='ltr'><strong>Rhod.</strong></span> <span class='ocrx_word' id='word_1_341' title='bbox 904 3785 954 3848; x_wconf 87' lang='lat' dir='ltr'><strong>lv.</strong></span> <span class='ocrx_word' id='word_1_342' title='bbox 974 3789 1024 3868; x_wconf 82' lang='lat'><strong>57.</strong></span> <span class='ocrx_word' id='word_1_343' title='bbox 1049 3787 1236 3851; x_wconf 78' lang='grc' dir='ltr'><strong><em>ΤόνἘνδυ-</em></strong></span> 
     </span>
    </p>
   </div>
   <div class='ocr_carea' id='block_1_5' title="bbox 271 3938 1236 4166">
    <p class='ocr_par' dir='ltr' id='par_1_5' title="bbox 271 3938 1236 4166">
     <span class='ocr_line' id='line_1_43' title="bbox 271 3938 1236 4025; baseline -0.005 -13"><span class='ocrx_word' id='word_1_344' title='bbox 271 3953 297 4024; x_wconf 55' lang='lat' dir='ltr'><strong>f)</strong></span> <span class='ocrx_word' id='word_1_345' title='bbox 314 3955 421 4019; x_wconf 73' lang='lat' dir='ltr'><strong>Codex,</strong></span> <span class='ocrx_word' id='word_1_346' title='bbox 438 3971 466 4012; x_wconf 85' lang='lat' dir='ltr'><strong>vt</strong></span> <span class='ocrx_word' id='word_1_347' title='bbox 485 3962 548 4013; x_wconf 79' lang='lat' dir='ltr'><strong>satis</strong></span> <span class='ocrx_word' id='word_1_348' title='bbox 570 3973 668 4020; x_wconf 82' lang='lat' dir='ltr'><strong>notum</strong></span> <span class='ocrx_word' id='word_1_349' title='bbox 684 3974 731 4025; x_wconf 82' lang='lat' dir='ltr'><strong>cst,</strong></span> <span class='ocrx_word' id='word_1_350' title='bbox 756 3938 907 4016; x_wconf 72' lang='lat' dir='ltr'><strong>accentibus</strong></span> <span class='ocrx_word' id='word_1_351' title='bbox 930 3964 985 4015; x_wconf 82' lang='lat' dir='ltr'><strong>lere</strong></span> <span class='ocrx_word' id='word_1_352' title='bbox 1010 3974 1236 4023; x_wconf 65' lang='lat' dir='ltr'><strong>ostensumque</strong></span> 
     </span>
     <span class='ocr_line' id='line_1_44' title="bbox 304 4028 1236 4099; baseline 0.002 -25"><span class='ocrx_word' id='word_1_353' title='bbox 304 4028 458 4092; x_wconf 81' lang='lat' dir='ltr'><strong>saepissime</strong></span> <span class='ocrx_word' id='word_1_354' title='bbox 480 4030 609 4082; x_wconf 87' lang='lat' dir='ltr'><strong>continuo</strong></span> <span class='ocrx_word' id='word_1_355' title='bbox 632 4031 714 4082; x_wconf 83' lang='lat' dir='ltr'><strong>ductu</strong></span> <span class='ocrx_word' id='word_1_356' title='bbox 738 4035 848 4099; x_wconf 77' lang='lat' dir='ltr'><strong>scriptas</strong></span> <span class='ocrx_word' id='word_1_357' title='bbox 870 4031 960 4086; x_wconf 72' lang='lat' dir='ltr'><strong>habet.</strong></span> <span class='ocrx_word' id='word_1_358' title='bbox 1012 4034 1108 4098; x_wconf 80' lang='lat' dir='ltr'><strong>Itaque</strong></span> <span class='ocrx_word' id='word_1_359' title='bbox 1131 4039 1236 4080; x_wconf 81' lang='lat' dir='ltr'><strong>textum</strong></span> 
     </span>
     <span class='ocr_line' id='line_1_45' title="bbox 306 4095 730 4166; baseline 0.014 -22"><span class='ocrx_word' id='word_1_360' title='bbox 306 4095 362 4160; x_wconf 79' lang='lat' dir='ltr'><strong>ipse</strong></span> <span class='ocrx_word' id='word_1_361' title='bbox 377 4096 483 4165; x_wconf 73' lang='lat' dir='ltr'><strong>effingas</strong></span> <span class='ocrx_word' id='word_1_362' title='bbox 500 4110 613 4166; x_wconf 81' lang='lat' dir='ltr'><strong>oportet.</strong></span> <span class='ocrx_word' id='word_1_363' title='bbox 652 4097 730 4154; x_wconf 74' lang='lat' dir='ltr'><strong>Bm.</strong></span> 
     </span>
    </p>
   </div>
   <div class='ocr_carea' id='block_1_6' title="bbox 0 0 1298 4606">
    <p class='ocr_par' dir='ltr' id='par_1_6' title="bbox 0 0 1298 4606">
     <span class='ocr_line' id='line_1_46' title="bbox 0 0 1298 4606; baseline 0 0"><span class='ocrx_word' id='word_1_364' title='bbox 0 0 1298 4606; x_wconf 95' lang='lat' dir='ltr'><strong> </strong></span> 
     </span>
    </p>
   </div>
  </div>
 </body>
</html>
