3494 4604
374 345 441 397 nrt
717 311 1049 391 PRAEFATIO

373 507 603 606 Quapropter
624 503 694 576 iam
710 501 754 573 ab
770 493 1023 600 antiquissimis
1047 502 1132 579 inde
1151 507 1380 605 temporibus,

371 669 414 716 ex
431 670 505 742 quo
521 612 750 714 Grammatici
774 632 933 710 studium
952 665 1057 711 suum
1074 638 1287 738 adpatriam
1305 643 1382 713 lin-

369 803 477 878 guam
511 768 738 850 exoolendnm
780 769 1022 866 contulerunt,
1070 770 1218 872 plurimi
1249 774 1382 870 reperti

370 932 471 1004 sunt,
498 907 561 1008 qni
577 905 646 978 hac
657 905 762 978 etiam
778 904 817 978 in
833 927 931 1004 parte
942 904 1130 1007 diligenter
1147 907 1376 982 elaborarent.

370 1050 534 1145 Cumque
551 1043 657 1140 vulgo
674 1061 827 1140 quatuor
839 1067 912 1114 csse
927 1038 1069 1116 dialecti
1084 1040 1281 1136 credantur,
1305 1040 1378 1114 At-

317 1269 321 1278 ,
371 1183 458 1273 tica,
484 1175 626 1271 Ionica,
652 1178 787 1251 Dorica
805 1196 838 1252 et
852 1176 1017 1281 Aeolica,
1042 1179 1195 1279 (tametsi
1212 1173 1376 1250 nonnulli

367 1314 540 1392 Doricam
561 1333 596 1384 et
616 1309 802 1385 Aeolicam
823 1339 890 1412 pro
906 1340 975 1388 vna
999 1296 1194 1414 eademque
1213 1309 1395 1405 habent,)'

368 1450 431 1522 alii
452 1446 613 1546 singulas
629 1445 815 1541 dialectos,
842 1448 905 1521 alii
921 1450 1101 1524 vniuersas
1116 1444 1378 1524 commentariis
1391 1455 1395 1464 '

366 1583 601 1666 illustrarunt.
648 1580 780 1656 ,Nolim
802 1605 957 1684 repetere
980 1583 1052 1660 hoo
1077 1586 1157 1660 loco
1176 1607 1267 1684 quae
1289 1579 1379 1652 dili-

365 1718 589 1818 gentissimus
605 1716 786 1792 Fabricius
800 1720 946 1821 collegit
960 1721 1053 1794 Bibt
1067 1721 1194 1795 Graec.
1212 1717 1293 1791 Lib.
1310 1714 1377 1790 lv.

367 1855 457 1954 Cap.
476 1858 535 1929 54.
572 1856 688 1931 Pauca
700 1877 815 1930 tatum
827 1855 866 1930 in
878 1854 1013 1930 mundo
1030 1847 1168 1949 babeo,
1189 1880 1280 1955 qliae
1294 1878 1379 1952 ope·

368 2019 434 2065 rae·
446 1989 513 2065 erit
521 1991 559 2064 in
570 1990 729 2068 medium
745 1991 942 2089 protulisse.
958 1993 1012 2066 ‘ln
1027 1986 1380 2080 luculentoScholio,

367 2125 468 2227 quod
476 2124 521 2200 ad
531 2125 784 2202 Iusiurandum
792 2125 1020 2224 Hippocratis
1029 2123 1142 2197 edidit
1149 2123 1380 2216 Mcibomius,

366 2263 496 2336 citatur
520 2263 724 2336 ΡΙΝΘΟΣ
740 2261 784 2331 ἐν
808 2257 860 2354 sui
879 2261 964 2354 περὶ
986 2256 1054 2349 τῆς
1075 2255 1247 2350 Ἀττικῆς
1267 2279 1381 2349 oven·

366 2395 499 2478 θείας,
520 2391 641 2465 addito
662 2391 734 2465 boc
754 2389 828 2462 eius
845 2393 1058 2490 fragmento:
1085 2393 1136 2466 Οἱ
1151 2394 1227 2487 μὲν
1240 2389 1315 2468 οὖν
1332 2395 1382 2468 ἐκ

367 2527 437 2618 τῆς
461 2523 585 2616 αὐτῆς
603 2523 750 2624 φυλῆς,
783 2521 952 2623 φυλέται
977 2523 1177 2622 λέγονται·
1200 2530 1241 2602 υἱ
1265 2526 1308 2602 δὲ
1330 2531 1379 2602 ἐκ

366 2659 436 2754 τῆς
459 2659 585 2751 αὐτῆς
612 2658 829 2758 φρατρίας,
858 2657 1069 2760 φράτορες·
1099 2664 1141 2738 οἱ
1164 2660 1207 2738 δὲ
1230 2667 1278 2738 ἐκ
1304 2662 1378 2738 τοῦ

366 2794 496 2870 αὐτοῦ
510 2789 660 2890 γένους,
684 2793 853 2888 parasitos.
904 2795 1084 2896 Corrupto
1098 2799 1237 2872 nomini
1253 2825 1378 2873 emen·-

365 2929 486 3006 dando
509 2929 598 3006 duas
619 2931 836 3005 coniecturas
858 2918 1034 3031 impendit
1046 2931 1120 3006 Vir
1139 2931 1376 3034 Clarissimus,

367 3088 401 3143 et
418 3067 463 3144 de
479 3067 613 3142 Grneca
629 3061 827 3139 eruditione
841 3067 975 3167 optime
989 3067 1154 3164 meritus,
1180 3068 1233 3142 lo.
1248 3066 1377 3143 Alter·

366 3203 440 3278 tius.
461 3201 507 3276 nd
521 3201 744 3305 Hesychium
759 3201 805 3306 V.
822 3201 1130 3299 Βρυλλοχισταί·
1155 3203 1217 3279 sed
1237 3203 1375 3300 ample-

367 3333 492 3410 ctenda
508 3333 649 3410 videtur
663 3334 838 3411 diuinatio
855 3335 1084 3433 Ruhnkenii,
1108 3339 1194 3414 Viri
1210 3337 1376 3437 ingenio-

367 3468 514 3563 sissimi,
541 3471 605 3570 q‘ui
622 3469 660 3544 in
676 3470 788 3548 literis
804 3470 921 3548 adme
933 3470 1022 3548 datis
1037 3472 1289 3572 corrigendum
1304 3501 1377 3572 pu·-

368 3625 416 3678 tat
436 3605 742 3680 ΕΙΡΗΝΑΙΟΣ.
791 3605 946 3702 Irenaei,
979 3608 1109 3684 nobilis
1133 3607 1378 3704 Grammatiei,

368 3741 547 3828 Ἀττικήν
561 3737 777 3840 συνήθειαν
796 3739 918 3814 laudat
933 3740 1061 3816 Suidas
1074 3743 1179 3819 Tonu
1196 3745 1243 3820 ll.
1262 3773 1296 3845 p.
1316 3769 1375 3838 29.

371 3873 431 3949 vbi
447 3872 517 3951 vid.
532 3873 716 3950 Kusternn
763 3927 768 3940 ·

421 4005 610 4084 Philoxeni
626 4012 669 4085 ἐυ
687 4029 737 4110 τῳ
751 4011 836 4112 περὶ
855 4011 922 4106 τῆς
939 4003 1057 4104 Ἰάδος
1074 4006 1305 4108 διαλέκτου,
1329 4015 1374 4091 ab
