<?xml version="1.0" encoding="UTF-8"?>
<!DOCTYPE html PUBLIC "-//W3C//DTD XHTML 1.0 Transitional//EN"
    "http://www.w3.org/TR/xhtml1/DTD/xhtml1-transitional.dtd">
<html xmlns="http://www.w3.org/1999/xhtml" xml:lang="en" lang="en">
 <head>
  <title>
</title>
<meta http-equiv="Content-Type" content="text/html;charset=utf-8" />
  <meta name='ocr-system' content='tesseract 3.04.00' />
  <meta name='ocr-capabilities' content='ocr_page ocr_carea ocr_par ocr_line ocrx_word'/>
</head>
<body>
  <div class='ocr_page' id='page_1' title='image "./gregoriicorinth00greggoog_0808.png"; bbox 0 0 3336 4328; ppageno 0'>
   <div class='ocr_carea' id='block_1_1' title="bbox 254 253 1179 344">
    <p class='ocr_par' dir='ltr' id='par_1_1' title="bbox 254 253 1179 344">
     <span class='ocr_line' id='line_1_1' title="bbox 254 253 1179 344; baseline 0.004 -26"><span class='ocrx_word' id='word_1_1' title='bbox 254 254 598 326; x_wconf 72' lang='lat' dir='ltr'><strong>ottrttttt&#39;rarto</strong></span> <span class='ocrx_word' id='word_1_2' title='bbox 626 253 1074 324; x_wconf 72' lang='lat' dir='ltr'><strong>rautnocunrtttct.</strong></span> <span class='ocrx_word' id='word_1_3' title='bbox 1118 263 1179 344; x_wconf 79' lang='lat'><strong>849</strong></span> 
     </span>
    </p>
   </div>
   <div class='ocr_carea' id='block_1_2' title="bbox 250 421 1174 593">
    <p class='ocr_par' dir='ltr' id='par_1_2' title="bbox 250 421 1174 593">
     <span class='ocr_line' id='line_1_2' title="bbox 250 421 1174 574; baseline 0.003 -86"><span class='ocrx_word' id='word_1_4' title='bbox 250 447 301 574; x_wconf 58' lang='grc' dir='ltr'><strong>ιὸὲ</strong></span> <span class='ocrx_word' id='word_1_5' title='bbox 313 424 463 574; x_wconf 48' lang='lat' dir='ltr'><strong>NomZus</strong></span> <span class='ocrx_word' id='word_1_6' title='bbox 478 421 523 507; x_wconf 90' lang='lat' dir='ltr'><strong>ll,</strong></span> <span class='ocrx_word' id='word_1_7' title='bbox 535 425 578 508; x_wconf 88' lang='lat'><strong>5.,</strong></span> <span class='ocrx_word' id='word_1_8' title='bbox 600 443 703 512; x_wconf 88' lang='lat' dir='ltr'><strong>quem</strong></span> <span class='ocrx_word' id='word_1_9' title='bbox 718 423 875 491; x_wconf 89' lang='lat' dir='ltr'><strong>Eudocia</strong></span> <span class='ocrx_word' id='word_1_10' title='bbox 892 424 1088 514; x_wconf 63' lang='lat' dir='ltr'><strong>exscripsit?</strong></span> <span class='ocrx_word' id='word_1_11' title='bbox 1099 425 1174 517; x_wconf 75' lang='grc' dir='ltr'><strong>Ιφί.</strong></span> 
     </span>
     <span class='ocr_line' id='line_1_3' title="bbox 313 525 1008 593; baseline 0.003 -19"><span class='ocrx_word' id='word_1_12' title='bbox 313 533 390 593; x_wconf 72' lang='grc' dir='ltr'><strong><em>γει.</em></strong></span> <span class='ocrx_word' id='word_1_13' title='bbox 434 556 441 572; x_wconf 91' lang='grc'><strong>.</strong></span> <span class='ocrx_word' id='word_1_14' title='bbox 470 531 475 540; x_wconf 74' lang='grc'><strong><em>’</em></strong></span> <span class='ocrx_word' id='word_1_15' title='bbox 740 531 745 546; x_wconf 77' lang='grc'>’</span> <span class='ocrx_word' id='word_1_16' title='bbox 1003 525 1008 536; x_wconf 55' lang='lat'>⁸</span> 
     </span>
    </p>
   </div>
   <div class='ocr_carea' id='block_1_3' title="bbox 250 655 1171 751">
    <p class='ocr_par' dir='ltr' id='par_1_3' title="bbox 250 655 1171 751">
     <span class='ocr_line' id='line_1_4' title="bbox 250 655 1171 751; baseline 0.011 -28"><span class='ocrx_word' id='word_1_17' title='bbox 250 660 397 742; x_wconf 73' lang='grc' dir='ltr'><strong><em>νοῖνιξ</em></strong></span> <span class='ocrx_word' id='word_1_18' title='bbox 417 670 452 726; x_wconf 82' lang='lat' dir='ltr'><strong>et</strong></span> <span class='ocrx_word' id='word_1_19' title='bbox 466 655 705 740; x_wconf 72' lang='grc' dir='ltr'><strong><em>Φοίνισσαι</em></strong></span> <span class='ocrx_word' id='word_1_20' title='bbox 722 659 869 730; x_wconf 73' lang='lat' dir='ltr'><strong>iudicari</strong></span> <span class='ocrx_word' id='word_1_21' title='bbox 883 664 1171 751; x_wconf 78' lang='lat' dir='ltr'><strong>possuntsyllabt</strong></span> 
     </span>
    </p>
   </div>
   <div class='ocr_carea' id='block_1_4' title="bbox 250 776 1171 1204">
    <p class='ocr_par' dir='ltr' id='par_1_4' title="bbox 250 776 1171 1204">
     <span class='ocr_line' id='line_1_5' title="bbox 257 776 1170 868; baseline 0.002 -25"><span class='ocrx_word' id='word_1_22' title='bbox 257 779 434 868; x_wconf 70' lang='lat' dir='ltr'>superseri</span> <span class='ocrx_word' id='word_1_23' title='bbox 461 789 498 844; x_wconf 86' lang='lat' dir='ltr'><strong>to</strong></span> <span class='ocrx_word' id='word_1_24' title='bbox 510 780 578 865; x_wconf 91' lang='lat' dir='ltr'><strong>Ny.</strong></span> <span class='ocrx_word' id='word_1_25' title='bbox 622 779 725 860; x_wconf 91' lang='lat' dir='ltr'><strong>Quod</strong></span> <span class='ocrx_word' id='word_1_26' title='bbox 738 776 773 843; x_wconf 87' lang='lat' dir='ltr'><strong>in</strong></span> <span class='ocrx_word' id='word_1_27' title='bbox 790 778 905 845; x_wconf 82' lang='lat' dir='ltr'><strong>schol.</strong></span> <span class='ocrx_word' id='word_1_28' title='bbox 921 778 1170 866; x_wconf 71' lang='lat' dir='ltr'><strong>Ven.adll.1⁷,</strong></span> 
     </span>
     <span class='ocr_line' id='line_1_6' title="bbox 261 861 1171 950; baseline 0.007 -24"><span class='ocrx_word' id='word_1_29' title='bbox 261 863 397 928; x_wconf 85' lang='lat' dir='ltr'><strong>citatur</strong></span> <span class='ocrx_word' id='word_1_30' title='bbox 452 861 602 950; x_wconf 78' lang='grc' dir='ltr'><strong>ν’ριέπίδης</strong></span> <span class='ocrx_word' id='word_1_31' title='bbox 618 862 654 928; x_wconf 79' lang='grc' dir='ltr'><strong>ἐν</strong></span> <span class='ocrx_word' id='word_1_32' title='bbox 676 861 864 948; x_wconf 77' lang='grc' dir='ltr'><strong><em>Φοίνικι,</em></strong></span> <span class='ocrx_word' id='word_1_33' title='bbox 897 861 1098 930; x_wconf 73' lang='lat' dir='ltr'><strong>manifestus</strong></span> <span class='ocrx_word' id='word_1_34' title='bbox 1120 879 1171 932; x_wconf 84' lang='lat' dir='ltr'><strong>est</strong></span> 
     </span>
     <span class='ocr_line' id='line_1_7' title="bbox 250 946 1169 1046; baseline 0.004 -35"><span class='ocrx_word' id='word_1_35' title='bbox 250 947 332 1038; x_wconf 82' lang='lat' dir='ltr'><strong>rsic</strong></span> <span class='ocrx_word' id='word_1_36' title='bbox 346 967 529 1046; x_wconf 77' lang='lat' dir='ltr'><strong>perperam</strong></span> <span class='ocrx_word' id='word_1_37' title='bbox 543 947 713 1033; x_wconf 86' lang='lat' dir='ltr'><strong>explentis</strong></span> <span class='ocrx_word' id='word_1_38' title='bbox 728 946 985 1034; x_wconf 83' lang='lat' dir='ltr'>compendium,</span> <span class='ocrx_word' id='word_1_39' title='bbox 1004 950 1094 1034; x_wconf 87' lang='lat' dir='ltr'><strong>quod</strong></span> <span class='ocrx_word' id='word_1_40' title='bbox 1109 973 1169 1015; x_wconf 84' lang='lat' dir='ltr'><strong>ex-</strong></span> 
     </span>
     <span class='ocr_line' id='line_1_8' title="bbox 250 1030 1168 1180; baseline 0.005 -87"><span class='ocrx_word' id='word_1_41' title='bbox 250 1087 251 1093; x_wconf 75' lang='grc'><strong><em>,</em></strong></span> <span class='ocrx_word' id='word_1_42' title='bbox 279 1043 442 1119; x_wconf 77' lang='lat' dir='ltr'><strong>oportuit</strong></span> <span class='ocrx_word' id='word_1_43' title='bbox 463 1033 498 1097; x_wconf 80' lang='grc' dir='ltr'><strong>ἰν</strong></span> <span class='ocrx_word' id='word_1_44' title='bbox 518 1030 797 1118; x_wconf 77' lang='grc' dir='ltr'><strong><em>Φοινίσσαις,</em></strong></span> <span class='ocrx_word' id='word_1_45' title='bbox 836 1032 872 1096; x_wconf 88' lang='lat' dir='ltr'><strong>in</strong></span> <span class='ocrx_word' id='word_1_46' title='bbox 894 1053 967 1180; x_wconf 46' lang='lat' dir='ltr'><strong>Qua</strong></span> <span class='ocrx_word' id='word_1_47' title='bbox 991 1036 1168 1120; x_wconf 76' lang='lat' dir='ltr'><strong>tragoedia</strong></span> 
     </span>
     <span class='ocr_line' id='line_1_9' title="bbox 250 1116 1155 1204; baseline 0 -24"><span class='ocrx_word' id='word_1_48' title='bbox 250 1138 271 1180; x_wconf 90' lang='lat' dir='ltr'><strong>u</strong></span> <span class='ocrx_word' id='word_1_49' title='bbox 291 1116 399 1182; x_wconf 85' lang='lat' dir='ltr'><strong>citata</strong></span> <span class='ocrx_word' id='word_1_50' title='bbox 414 1137 494 1183; x_wconf 81' lang='lat' dir='ltr'><strong>vere</strong></span> <span class='ocrx_word' id='word_1_51' title='bbox 508 1128 702 1182; x_wconf 84' lang='lat' dir='ltr'><strong>occurrunt.</strong></span> <span class='ocrx_word' id='word_1_52' title='bbox 722 1138 754 1182; x_wconf 83' lang='lat' dir='ltr'><strong>v.</strong></span> <span class='ocrx_word' id='word_1_53' title='bbox 770 1121 891 1204; x_wconf 78' lang='lat' dir='ltr'><strong>Appon</strong></span> <span class='ocrx_word' id='word_1_54' title='bbox 914 1164 925 1190; x_wconf 72' lang='grc'><strong>,.</strong></span> <span class='ocrx_word' id='word_1_55' title='bbox 941 1137 973 1201; x_wconf 90' lang='lat' dir='ltr'><strong>p.</strong></span> <span class='ocrx_word' id='word_1_56' title='bbox 989 1119 1040 1180; x_wconf 73' lang='lat' dir='ltr'><strong>at.</strong></span> <span class='ocrx_word' id='word_1_57' title='bbox 1152 1123 1155 1130; x_wconf 90' lang='grc'><strong><em>’</em></strong></span> 
     </span>
    </p>
   </div>
   <div class='ocr_carea' id='block_1_5' title="bbox 250 1233 1275 1338">
    <p class='ocr_par' dir='ltr' id='par_1_5' title="bbox 250 1233 1275 1338">
     <span class='ocr_line' id='line_1_10' title="bbox 250 1233 1275 1338; baseline -0.019 -20"><span class='ocrx_word' id='word_1_58' title='bbox 250 1234 480 1326; x_wconf 55' lang='lat' dir='ltr'><strong>(mltum,</strong></span> <span class='ocrx_word' id='word_1_59' title='bbox 508 1233 671 1320; x_wconf 68' lang='grc' dir='ltr'><strong><em>χρόνος.</em></strong></span> <span class='ocrx_word' id='word_1_60' title='bbox 715 1233 791 1300; x_wconf 85' lang='lat' dir='ltr'><strong>Hae</strong></span> <span class='ocrx_word' id='word_1_61' title='bbox 817 1236 1167 1338; x_wconf 75' lang='lat' dir='ltr'><strong>rocescodernscri·</strong></span> <span class='ocrx_word' id='word_1_62' title='bbox 1271 1306 1275 1318; x_wconf 37' lang='lat'>¹</span> 
     </span>
    </p>
   </div>
   <div class='ocr_carea' id='block_1_6' title="bbox 250 1348 1220 2701">
    <p class='ocr_par' dir='ltr' id='par_1_6' title="bbox 250 1329 1220 2701">
     <span class='ocr_line' id='line_1_11' title="bbox 250 1348 1165 1441; baseline 0.005 -24"><span class='ocrx_word' id='word_1_63' title='bbox 250 1374 295 1418; x_wconf 89' lang='lat' dir='ltr'><strong>ur</strong></span> <span class='ocrx_word' id='word_1_64' title='bbox 309 1351 529 1439; x_wconf 86' lang='lat' dir='ltr'><strong>compendio,</strong></span> <span class='ocrx_word' id='word_1_65' title='bbox 550 1350 583 1416; x_wconf 89' lang='lat' dir='ltr'><strong>h.</strong></span> <span class='ocrx_word' id='word_1_66' title='bbox 600 1374 628 1418; x_wconf 89' lang='lat' dir='ltr'><strong>e.</strong></span> <span class='ocrx_word' id='word_1_67' title='bbox 642 1348 721 1416; x_wconf 89' lang='lat' dir='ltr'><strong>solis</strong></span> <span class='ocrx_word' id='word_1_68' title='bbox 738 1350 859 1418; x_wconf 86' lang='lat' dir='ltr'><strong>litteris</strong></span> <span class='ocrx_word' id='word_1_69' title='bbox 869 1377 893 1438; x_wconf 82' lang='grc' dir='ltr'><em>χ</em></span> <span class='ocrx_word' id='word_1_70' title='bbox 908 1362 941 1415; x_wconf 85' lang='lat' dir='ltr'><strong>et</strong></span> <span class='ocrx_word' id='word_1_71' title='bbox 956 1375 996 1439; x_wconf 83' lang='grc' dir='ltr'><strong>ρ,</strong></span> <span class='ocrx_word' id='word_1_72' title='bbox 1018 1376 1165 1441; x_wconf 86' lang='lat' dir='ltr'><strong>quarum</strong></span> 
     </span>
     <span class='ocr_line' id='line_1_12' title="bbox 250 1433 1165 1523; baseline 0.004 -22"><span class='ocrx_word' id='word_1_73' title='bbox 250 1437 337 1502; x_wconf 75' lang='lat' dir='ltr'><strong>erior</strong></span> <span class='ocrx_word' id='word_1_74' title='bbox 359 1436 522 1502; x_wconf 87' lang='lat' dir='ltr'><strong>inseritur</strong></span> <span class='ocrx_word' id='word_1_75' title='bbox 543 1436 660 1523; x_wconf 82' lang='lat' dir='ltr'><strong>priori.</strong></span> <span class='ocrx_word' id='word_1_76' title='bbox 681 1433 772 1499; x_wconf 85' lang='lat' dir='ltr'><strong>Vide</strong></span> <span class='ocrx_word' id='word_1_77' title='bbox 799 1437 863 1501; x_wconf 87' lang='lat' dir='ltr'><strong>tub.</strong></span> <span class='ocrx_word' id='word_1_78' title='bbox 889 1435 914 1499; x_wconf 90' lang='lat' dir='ltr'><strong>I.</strong></span> <span class='ocrx_word' id='word_1_79' title='bbox 933 1441 1105 1516; x_wconf 67' lang='lat' dir='ltr'><strong>num.115.</strong></span> <span class='ocrx_word' id='word_1_80' title='bbox 1131 1451 1165 1507; x_wconf 86' lang='lat' dir='ltr'><strong>et</strong></span> 
     </span>
     <span class='ocr_line' id='line_1_13' title="bbox 251 1517 1166 1610; baseline 0.003 -26"><span class='ocrx_word' id='word_1_81' title='bbox 251 1521 333 1584; x_wconf 90' lang='lat' dir='ltr'><strong>VII.</strong></span> <span class='ocrx_word' id='word_1_82' title='bbox 347 1543 443 1587; x_wconf 89' lang='lat' dir='ltr'><strong>num.</strong></span> <span class='ocrx_word' id='word_1_83' title='bbox 468 1521 515 1584; x_wconf 79' lang='lat'><strong>13.</strong></span> <span class='ocrx_word' id='word_1_84' title='bbox 539 1540 557 1583; x_wconf 92' lang='lat' dir='ltr'><strong>e</strong></span> <span class='ocrx_word' id='word_1_85' title='bbox 581 1519 667 1584; x_wconf 80' lang='lat' dir='ltr'><strong>Ood.</strong></span> <span class='ocrx_word' id='word_1_86' title='bbox 684 1517 829 1584; x_wconf 83' lang='lat' dir='ltr'><strong>SGorm.</strong></span> <span class='ocrx_word' id='word_1_87' title='bbox 843 1521 914 1586; x_wconf 69' lang='lat'><strong>345.</strong></span> <span class='ocrx_word' id='word_1_88' title='bbox 936 1519 1099 1610; x_wconf 52' lang='lat' dir='ltr'><strong>Episnp.</strong></span> <span class='ocrx_word' id='word_1_89' title='bbox 1115 1525 1166 1591; x_wconf 72' lang='lat'><strong>85.</strong></span> 
     </span>
     <span class='ocr_line' id='line_1_14' title="bbox 250 1602 1164 1693; baseline 0.002 -24"><span class='ocrx_word' id='word_1_90' title='bbox 250 1603 335 1690; x_wconf 84' lang='lat' dir='ltr'><strong>icor,</strong></span> <span class='ocrx_word' id='word_1_91' title='bbox 356 1625 418 1692; x_wconf 87' lang='lat' dir='ltr'><strong>pro</strong></span> <span class='ocrx_word' id='word_1_92' title='bbox 441 1602 681 1691; x_wconf 82' lang='lat' dir='ltr'><strong>compendiose</strong></span> <span class='ocrx_word' id='word_1_93' title='bbox 702 1603 832 1693; x_wconf 86' lang='lat' dir='ltr'><strong>scripto</strong></span> <span class='ocrx_word' id='word_1_94' title='bbox 842 1603 1009 1691; x_wconf 80' lang='grc' dir='ltr'><strong><em>χρήσιμος</em></strong></span> <span class='ocrx_word' id='word_1_95' title='bbox 1027 1611 1111 1671; x_wconf 79' lang='grc' dir='ltr'><strong><em>οὐσα</em></strong></span> <span class='ocrx_word' id='word_1_96' title='bbox 1125 1609 1135 1670; x_wconf 93' lang='lat' dir='ltr'><strong>i</strong></span> <span class='ocrx_word' id='word_1_97' title='bbox 1142 1633 1164 1674; x_wconf 85' lang='lat' dir='ltr'><strong>u</strong></span> 
     </span>
     <span class='ocr_line' id='line_1_15' title="bbox 250 1688 1164 1776; baseline -0.003 -18"><span class='ocrx_word' id='word_1_98' title='bbox 250 1689 344 1758; x_wconf 78' lang='lat' dir='ltr'><strong>tchic</strong></span> <span class='ocrx_word' id='word_1_99' title='bbox 359 1709 389 1754; x_wconf 84' lang='lat' dir='ltr'><strong>v.</strong></span> <span class='ocrx_word' id='word_1_100' title='bbox 405 1689 571 1766; x_wconf 81' lang='grc' dir='ltr'><strong><em>Γιντιανή</em></strong></span> <span class='ocrx_word' id='word_1_101' title='bbox 586 1688 712 1754; x_wconf 87' lang='lat' dir='ltr'><strong>lectum</strong></span> <span class='ocrx_word' id='word_1_102' title='bbox 733 1711 803 1754; x_wconf 87' lang='lat' dir='ltr'><strong>esse</strong></span> <span class='ocrx_word' id='word_1_103' title='bbox 812 1692 976 1776; x_wconf 78' lang='grc' dir='ltr'><strong><em>χωροῦσα.</em></strong></span> <span class='ocrx_word' id='word_1_104' title='bbox 1019 1689 1164 1757; x_wconf 86' lang='lat' dir='ltr'><strong>Rarissi-</strong></span> 
     </span>
     <span class='ocr_line' id='line_1_16' title="bbox 250 1771 1162 1861; baseline -0.003 -22"><span class='ocrx_word' id='word_1_105' title='bbox 250 1795 372 1840; x_wconf 85' lang='lat' dir='ltr'><strong>nomen</strong></span> <span class='ocrx_word' id='word_1_106' title='bbox 384 1771 506 1859; x_wconf 80' lang='grc' dir='ltr'><strong><em>χρόνος</em></strong></span> <span class='ocrx_word' id='word_1_107' title='bbox 526 1772 588 1838; x_wconf 82' lang='lat' dir='ltr'><strong>tuli</strong></span> <span class='ocrx_word' id='word_1_108' title='bbox 609 1772 772 1836; x_wconf 84' lang='lat' dir='ltr'><strong>scribitur</strong></span> <span class='ocrx_word' id='word_1_109' title='bbox 796 1773 1016 1858; x_wconf 80' lang='lat' dir='ltr'><strong>compendio,</strong></span> <span class='ocrx_word' id='word_1_110' title='bbox 1034 1773 1071 1839; x_wconf 89' lang='lat' dir='ltr'><strong>in</strong></span> <span class='ocrx_word' id='word_1_111' title='bbox 1093 1799 1162 1861; x_wconf 84' lang='lat' dir='ltr'><strong>quo</strong></span> 
     </span>
     <span class='ocr_line' id='line_1_17' title="bbox 250 1851 1161 1943; baseline -0.001 -21"><span class='ocrx_word' id='word_1_112' title='bbox 250 1869 269 1922; x_wconf 79' lang='lat' dir='ltr'><strong>t</strong></span> <span class='ocrx_word' id='word_1_113' title='bbox 290 1857 425 1922; x_wconf 75' lang='lat' dir='ltr'><strong>litterae</strong></span> <span class='ocrx_word' id='word_1_114' title='bbox 446 1855 524 1921; x_wconf 83' lang='lat' dir='ltr'><strong>Rho</strong></span> <span class='ocrx_word' id='word_1_115' title='bbox 550 1862 608 1938; x_wconf 87' lang='lat' dir='ltr'><strong>(vt</strong></span> <span class='ocrx_word' id='word_1_116' title='bbox 628 1854 666 1920; x_wconf 86' lang='lat' dir='ltr'><strong>in</strong></span> <span class='ocrx_word' id='word_1_117' title='bbox 687 1854 791 1920; x_wconf 86' lang='lat' dir='ltr'><strong>tertio</strong></span> <span class='ocrx_word' id='word_1_118' title='bbox 813 1851 974 1943; x_wconf 84' lang='lat' dir='ltr'><strong>exemplo</strong></span> <span class='ocrx_word' id='word_1_119' title='bbox 995 1855 1059 1921; x_wconf 84' lang='lat' dir='ltr'><strong>tab.</strong></span> <span class='ocrx_word' id='word_1_120' title='bbox 1084 1859 1161 1924; x_wconf 89' lang='lat' dir='ltr'><strong>Vll.</strong></span> 
     </span>
     <span class='ocr_line' id='line_1_18' title="bbox 250 1939 1161 2030; baseline 0.005 -28"><span class='ocrx_word' id='word_1_121' title='bbox 250 1985 261 2002; x_wconf 73' lang='grc'><strong>,.</strong></span> <span class='ocrx_word' id='word_1_122' title='bbox 287 1945 355 2019; x_wconf 77' lang='lat'>13.)</span> <span class='ocrx_word' id='word_1_123' title='bbox 377 1941 466 2006; x_wconf 84' lang='lat' dir='ltr'><strong>infra</strong></span> <span class='ocrx_word' id='word_1_124' title='bbox 489 1939 556 2006; x_wconf 82' lang='lat' dir='ltr'><strong>chi</strong></span> <span class='ocrx_word' id='word_1_125' title='bbox 585 1939 627 2004; x_wconf 86' lang='lat' dir='ltr'><strong>de</strong></span> <span class='ocrx_word' id='word_1_126' title='bbox 655 1939 792 2006; x_wconf 80' lang='lat' dir='ltr'><strong>cudent:</strong></span> <span class='ocrx_word' id='word_1_127' title='bbox 822 1951 858 2004; x_wconf 83' lang='lat' dir='ltr'><strong>vt</strong></span> <span class='ocrx_word' id='word_1_128' title='bbox 880 1961 988 2026; x_wconf 82' lang='lat' dir='ltr'><strong>paene</strong></span> <span class='ocrx_word' id='word_1_129' title='bbox 1003 1944 1161 2030; x_wconf 76' lang='lat' dir='ltr'><strong>credam,</strong></span> 
     </span>
     <span class='ocr_line' id='line_1_19' title="bbox 250 2021 1164 2114; baseline 0.008 -28"><span class='ocrx_word' id='word_1_130' title='bbox 250 2025 325 2114; x_wconf 85' lang='lat' dir='ltr'><strong>opla</strong></span> <span class='ocrx_word' id='word_1_131' title='bbox 348 2022 449 2090; x_wconf 83' lang='lat' dir='ltr'><strong>huius</strong></span> <span class='ocrx_word' id='word_1_132' title='bbox 468 2047 611 2111; x_wconf 88' lang='lat' dir='ltr'><strong>compen</strong></span> <span class='ocrx_word' id='word_1_133' title='bbox 640 2022 675 2106; x_wconf 87' lang='lat' dir='ltr'><strong>ii,</strong></span> <span class='ocrx_word' id='word_1_134' title='bbox 720 2045 780 2088; x_wconf 77' lang='lat' dir='ltr'><strong>tine</strong></span> <span class='ocrx_word' id='word_1_135' title='bbox 800 2021 836 2087; x_wconf 88' lang='lat' dir='ltr'><strong>in</strong></span> <span class='ocrx_word' id='word_1_136' title='bbox 854 2023 1037 2090; x_wconf 79' lang='lat' dir='ltr'><strong>(lodicibus</strong></span> <span class='ocrx_word' id='word_1_137' title='bbox 1058 2027 1164 2113; x_wconf 84' lang='lat' dir='ltr'><strong>longe</strong></span> 
     </span>
     <span class='ocr_line' id='line_1_20' title="bbox 250 2048 1161 2195; baseline 0.004 -23"><span class='ocrx_word' id='word_1_138' title='bbox 250 2109 373 2174; x_wconf 84' lang='lat' dir='ltr'><strong>:issima</strong></span> <span class='ocrx_word' id='word_1_139' title='bbox 394 2108 476 2195; x_wconf 80' lang='lat' dir='ltr'><strong>vidi,</strong></span> <span class='ocrx_word' id='word_1_140' title='bbox 497 2107 670 2175; x_wconf 87' lang='lat' dir='ltr'><strong>erroribus</strong></span> <span class='ocrx_word' id='word_1_141' title='bbox 695 2048 815 2172; x_wconf 71' lang='lat' dir='ltr'><strong>deberi</strong></span> <span class='ocrx_word' id='word_1_142' title='bbox 836 2106 1086 2192; x_wconf 74' lang='lat' dir='ltr'><strong>scriberemus</strong></span> <span class='ocrx_word' id='word_1_143' title='bbox 1106 2135 1161 2176; x_wconf 82' lang='lat' dir='ltr'><strong>re·</strong></span> 
     </span>
     <span class='ocr_line' id='line_1_21' title="bbox 250 2190 1220 2279; baseline -0.001 -19"><span class='ocrx_word' id='word_1_144' title='bbox 250 2194 307 2260; x_wconf 79' lang='lat' dir='ltr'><strong>odo</strong></span> <span class='ocrx_word' id='word_1_145' title='bbox 339 2215 407 2258; x_wconf 86' lang='lat' dir='ltr'><strong>esse</strong></span> <span class='ocrx_word' id='word_1_146' title='bbox 431 2195 522 2260; x_wconf 86' lang='lat' dir='ltr'><strong>inter</strong></span> <span class='ocrx_word' id='word_1_147' title='bbox 548 2192 669 2264; x_wconf 80' lang='lat' dir='ltr'><strong>ductus</strong></span> <span class='ocrx_word' id='word_1_148' title='bbox 699 2191 823 2258; x_wconf 89' lang='lat' dir='ltr'><strong>calami</strong></span> <span class='ocrx_word' id='word_1_149' title='bbox 856 2190 1000 2265; x_wconf 79' lang='lat' dir='ltr'><strong>vitiosos.</strong></span> <span class='ocrx_word' id='word_1_150' title='bbox 1049 2193 1161 2279; x_wconf 82' lang='lat' dir='ltr'><strong>Igitur</strong></span> <span class='ocrx_word' id='word_1_151' title='bbox 1217 2199 1220 2204; x_wconf 82' lang='lat'>&#39;</span> 
     </span>
     <span class='ocr_line' id='line_1_22' title="bbox 265 2273 1162 2365; baseline 0.006 -24"><span class='ocrx_word' id='word_1_152' title='bbox 265 2277 414 2364; x_wconf 88' lang='lat' dir='ltr'><strong>amplius</strong></span> <span class='ocrx_word' id='word_1_153' title='bbox 444 2279 554 2365; x_wconf 82' lang='lat' dir='ltr'><strong>placet</strong></span> <span class='ocrx_word' id='word_1_154' title='bbox 580 2274 815 2342; x_wconf 83' lang='lat' dir='ltr'><strong>confusionem</strong></span> <span class='ocrx_word' id='word_1_155' title='bbox 852 2273 949 2340; x_wconf 85' lang='lat' dir='ltr'><strong>illam</strong></span> <span class='ocrx_word' id='word_1_156' title='bbox 979 2279 1162 2346; x_wconf 84' lang='lat' dir='ltr'><strong>nominum</strong></span> 
     </span>
     <span class='ocr_line' id='line_1_23' title="bbox 250 2358 1163 2506; baseline -0.01 -79"><span class='ocrx_word' id='word_1_157' title='bbox 250 2385 281 2438; x_wconf 84' lang='grc' dir='ltr'><strong>νς</strong></span> <span class='ocrx_word' id='word_1_158' title='bbox 301 2374 337 2427; x_wconf 91' lang='lat' dir='ltr'><strong>et</strong></span> <span class='ocrx_word' id='word_1_159' title='bbox 366 2361 480 2446; x_wconf 80' lang='grc' dir='ltr'><strong><em>λόγος,</em></strong></span> <span class='ocrx_word' id='word_1_160' title='bbox 508 2361 548 2424; x_wconf 90' lang='lat' dir='ltr'><strong>de</strong></span> <span class='ocrx_word' id='word_1_161' title='bbox 575 2381 641 2446; x_wconf 83' lang='lat' dir='ltr'><strong>qua</strong></span> <span class='ocrx_word' id='word_1_162' title='bbox 670 2381 700 2422; x_wconf 83' lang='lat' dir='ltr'><strong>v.</strong></span> <span class='ocrx_word' id='word_1_163' title='bbox 724 2361 765 2423; x_wconf 85' lang='lat' dir='ltr'><strong>ad</strong></span> <span class='ocrx_word' id='word_1_164' title='bbox 791 2358 934 2446; x_wconf 73' lang='lat' dir='ltr'><strong>Gregor.</strong></span> <span class='ocrx_word' id='word_1_165' title='bbox 957 2381 988 2506; x_wconf 52' lang='grc' dir='ltr'><strong><em>,ι</em></strong></span> <span class='ocrx_word' id='word_1_166' title='bbox 1009 2361 1080 2446; x_wconf 56' lang='lat'><strong>33„</strong></span> <span class='ocrx_word' id='word_1_167' title='bbox 1103 2385 1163 2429; x_wconf 78' lang='lat' dir='ltr'><strong>ex.</strong></span> 
     </span>
     <span class='ocr_line' id='line_1_24' title="bbox 250 2441 1159 2536; baseline 0.004 -28"><span class='ocrx_word' id='word_1_168' title='bbox 250 2467 294 2510; x_wconf 75' lang='lat' dir='ltr'><strong>tre</strong></span> <span class='ocrx_word' id='word_1_169' title='bbox 314 2447 620 2536; x_wconf 72' lang='grc' dir='ltr'><strong><em>παλαιογροιφικῶς.</em></strong></span> <span class='ocrx_word' id='word_1_170' title='bbox 664 2441 820 2508; x_wconf 85' lang='lat' dir='ltr'><strong>Reiskius</strong></span> <span class='ocrx_word' id='word_1_171' title='bbox 851 2444 886 2506; x_wconf 89' lang='lat' dir='ltr'><strong>in</strong></span> <span class='ocrx_word' id='word_1_172' title='bbox 910 2443 953 2508; x_wconf 85' lang='lat' dir='ltr'><strong>Li</strong></span> <span class='ocrx_word' id='word_1_173' title='bbox 976 2445 1056 2518; x_wconf 79' lang='lat' dir='ltr'><strong>¹uuio</strong></span> <span class='ocrx_word' id='word_1_174' title='bbox 1081 2445 1159 2512; x_wconf 86' lang='lat' dir='ltr'><strong>Vol.</strong></span> 
     </span>
     <span class='ocr_line' id='line_1_25' title="bbox 250 2526 1159 2616; baseline 0.004 -24"><span class='ocrx_word' id='word_1_175' title='bbox 250 2552 280 2616; x_wconf 89' lang='lat' dir='ltr'><strong>p.</strong></span> <span class='ocrx_word' id='word_1_176' title='bbox 302 2533 376 2616; x_wconf 82' lang='lat'><strong>295,</strong></span> <span class='ocrx_word' id='word_1_177' title='bbox 397 2531 426 2596; x_wconf 83' lang='lat'><strong>3.</strong></span> <span class='ocrx_word' id='word_1_178' title='bbox 449 2531 572 2616; x_wconf 80' lang='grc' dir='ltr'><strong><em>χρόνον</em></strong></span> <span class='ocrx_word' id='word_1_179' title='bbox 600 2538 734 2605; x_wconf 79' lang='lat' dir='ltr'><strong>mutare</strong></span> <span class='ocrx_word' id='word_1_180' title='bbox 757 2527 828 2590; x_wconf 88' lang='lat' dir='ltr'><strong>vult</strong></span> <span class='ocrx_word' id='word_1_181' title='bbox 850 2526 886 2590; x_wconf 92' lang='lat' dir='ltr'><strong>in</strong></span> <span class='ocrx_word' id='word_1_182' title='bbox 904 2527 1027 2614; x_wconf 71' lang='grc' dir='ltr'><strong>χορόν.Δ</strong></span> <span class='ocrx_word' id='word_1_183' title='bbox 1061 2530 1159 2598; x_wconf 83' lang='lat' dir='ltr'><strong>Haec</strong></span> 
     </span>
     <span class='ocr_line' id='line_1_26' title="bbox 250 2608 1160 2701; baseline -0.001 -21"><span class='ocrx_word' id='word_1_184' title='bbox 250 2634 305 2680; x_wconf 89' lang='lat' dir='ltr'><strong>em</strong></span> <span class='ocrx_word' id='word_1_185' title='bbox 327 2616 467 2679; x_wconf 84' lang='lat' dir='ltr'><strong>nomina</strong></span> <span class='ocrx_word' id='word_1_186' title='bbox 488 2612 653 2679; x_wconf 80' lang='lat' dir='ltr'><strong>facillime</strong></span> <span class='ocrx_word' id='word_1_187' title='bbox 671 2608 835 2676; x_wconf 85' lang='lat' dir='ltr'><strong>confundi</strong></span> <span class='ocrx_word' id='word_1_188' title='bbox 856 2623 1057 2701; x_wconf 84' lang='lat' dir='ltr'><strong>potuerunt,</strong></span> <span class='ocrx_word' id='word_1_189' title='bbox 1078 2637 1160 2680; x_wconf 87' lang='lat' dir='ltr'><strong>cum</strong></span> 
     </span>
    </p>
   </div>
   <div class='ocr_carea' id='block_1_7' title="bbox 250 2705 1160 2884">
    <p class='ocr_par' dir='ltr' id='par_1_7' title="bbox 250 2705 1160 2884">
     <span class='ocr_line' id='line_1_27' title="bbox 250 2705 1160 2880; baseline -0.003 -81"><span class='ocrx_word' id='word_1_190' title='bbox 250 2758 260 2810; x_wconf 66' lang='grc' dir='ltr'><strong><em>ι</em></strong></span> <span class='ocrx_word' id='word_1_191' title='bbox 281 2757 300 2798; x_wconf 85' lang='lat' dir='ltr'><strong>a</strong></span> <span class='ocrx_word' id='word_1_192' title='bbox 312 2731 439 2880; x_wconf 67' lang='grc' dir='ltr'><strong><em>ἔρόνος</em></strong></span> <span class='ocrx_word' id='word_1_193' title='bbox 458 2733 532 2797; x_wconf 88' lang='lat' dir='ltr'><strong>solo</strong></span> <span class='ocrx_word' id='word_1_194' title='bbox 556 2731 662 2796; x_wconf 85' lang='lat' dir='ltr'><strong>ductu</strong></span> <span class='ocrx_word' id='word_1_195' title='bbox 682 2729 835 2794; x_wconf 85' lang='lat' dir='ltr'><strong>rotundo</strong></span> <span class='ocrx_word' id='word_1_196' title='bbox 856 2729 917 2793; x_wconf 88' lang='lat' dir='ltr'><strong>sub</strong></span> <span class='ocrx_word' id='word_1_197' title='bbox 940 2705 1160 2817; x_wconf 47' lang='lat' dir='ltr'><strong>{discrepen</strong></span> 
     </span>
     <span class='ocr_line' id='line_1_28' title="bbox 250 2811 1160 2884; baseline -0.007 0"><span class='ocrx_word' id='word_1_198' title='bbox 250 2828 311 2884; x_wconf 72' lang='grc' dir='ltr'><strong>ιιι</strong></span> <span class='ocrx_word' id='word_1_199' title='bbox 336 2865 344 2879; x_wconf 94' lang='grc'><strong><em>.</em></strong></span> <span class='ocrx_word' id='word_1_200' title='bbox 366 2815 441 2881; x_wconf 77' lang='lat' dir='ltr'><strong>tlt.</strong></span> <span class='ocrx_word' id='word_1_201' title='bbox 463 2839 557 2882; x_wconf 90' lang='lat' dir='ltr'><strong>num.</strong></span> <span class='ocrx_word' id='word_1_202' title='bbox 578 2817 626 2882; x_wconf 82' lang='lat'><strong>13.</strong></span> <span class='ocrx_word' id='word_1_203' title='bbox 649 2836 667 2879; x_wconf 90' lang='lat' dir='ltr'><strong>e</strong></span> <span class='ocrx_word' id='word_1_204' title='bbox 691 2813 774 2877; x_wconf 88' lang='lat' dir='ltr'><strong>Cod.</strong></span> <span class='ocrx_word' id='word_1_205' title='bbox 797 2811 940 2878; x_wconf 87' lang='lat' dir='ltr'><strong>SGerm.</strong></span> <span class='ocrx_word' id='word_1_206' title='bbox 962 2815 1034 2879; x_wconf 75' lang='lat'><strong>345.</strong></span> <span class='ocrx_word' id='word_1_207' title='bbox 1056 2813 1160 2878; x_wconf 64' lang='lat' dir='ltr'><strong>Prae*-</strong></span> 
     </span>
    </p>
   </div>
   <div class='ocr_carea' id='block_1_8' title="bbox 250 2930 1159 3690">
    <p class='ocr_par' dir='ltr' id='par_1_8' title="bbox 250 2930 1159 3690">
     <span class='ocr_line' id='line_1_29' title="bbox 250 2930 1158 3022; baseline -0.007 -22"><span class='ocrx_word' id='word_1_208' title='bbox 250 2961 256 3000; x_wconf 87' lang='lat' dir='ltr'><strong>t</strong></span> <span class='ocrx_word' id='word_1_209' title='bbox 280 2961 316 3022; x_wconf 84' lang='grc' dir='ltr'><strong>χ,</strong></span> <span class='ocrx_word' id='word_1_210' title='bbox 338 2933 429 3021; x_wconf 71' lang='lat' dir='ltr'><strong>cuin</strong></span> <span class='ocrx_word' id='word_1_211' title='bbox 448 2931 720 3018; x_wconf 84' lang='lat' dir='ltr'><strong>superscriptum</strong></span> <span class='ocrx_word' id='word_1_212' title='bbox 742 2943 802 3010; x_wconf 85' lang='lat' dir='ltr'><strong>est,</strong></span> <span class='ocrx_word' id='word_1_213' title='bbox 816 2930 1065 3016; x_wconf 80' lang='lat' dir='ltr'><strong>compendium</strong></span> <span class='ocrx_word' id='word_1_214' title='bbox 1087 2951 1158 2994; x_wconf 84' lang='lat' dir='ltr'><strong>esse</strong></span> 
     </span>
     <span class='ocr_line' id='line_1_30' title="bbox 250 3013 1159 3102; baseline -0.009 -17"><span class='ocrx_word' id='word_1_215' title='bbox 250 3029 278 3085; x_wconf 84' lang='lat' dir='ltr'><strong>st</strong></span> <span class='ocrx_word' id='word_1_216' title='bbox 298 3041 423 3084; x_wconf 79' lang='lat' dir='ltr'><strong>vocum</strong></span> <span class='ocrx_word' id='word_1_217' title='bbox 446 3015 577 3102; x_wconf 77' lang='grc' dir='ltr'><strong><em>χρυσὸς,</em></strong></span> <span class='ocrx_word' id='word_1_218' title='bbox 597 3023 748 3102; x_wconf 78' lang='grc' dir='ltr'><strong><em>χρυσίον,</em></strong></span> <span class='ocrx_word' id='word_1_219' title='bbox 761 3013 1007 3098; x_wconf 83' lang='grc' dir='ltr'><strong><em>Χρυσὸστομος</em></strong></span> <span class='ocrx_word' id='word_1_220' title='bbox 1019 3025 1052 3076; x_wconf 87' lang='lat' dir='ltr'><strong>ct</strong></span> <span class='ocrx_word' id='word_1_221' title='bbox 1073 3015 1159 3100; x_wconf 84' lang='grc' dir='ltr'><strong><em>Χρι-</em></strong></span> 
     </span>
     <span class='ocr_line' id='line_1_31' title="bbox 250 3095 1159 3188; baseline -0.002 -24"><span class='ocrx_word' id='word_1_222' title='bbox 250 3150 254 3164; x_wconf 90' lang='grc'><em>.</em></span> <span class='ocrx_word' id='word_1_223' title='bbox 275 3102 376 3168; x_wconf 84' lang='lat' dir='ltr'><strong>Cous.</strong></span> <span class='ocrx_word' id='word_1_224' title='bbox 389 3101 634 3169; x_wconf 82' lang='lat' dir='ltr'><strong>Montel‘alcun.</strong></span> <span class='ocrx_word' id='word_1_225' title='bbox 651 3095 824 3182; x_wconf 82' lang='lat' dir='ltr'><strong>Palaeogr.</strong></span> <span class='ocrx_word' id='word_1_226' title='bbox 849 3124 884 3188; x_wconf 85' lang='lat' dir='ltr'><strong>p·-</strong></span> <span class='ocrx_word' id='word_1_227' title='bbox 899 3100 970 3183; x_wconf 71' lang='lat'><strong>347.</strong></span> <span class='ocrx_word' id='word_1_228' title='bbox 993 3099 1031 3162; x_wconf 92' lang='lat' dir='ltr'><strong>ln</strong></span> <span class='ocrx_word' id='word_1_229' title='bbox 1046 3095 1159 3162; x_wconf 85' lang='lat' dir='ltr'><strong>Scho-</strong></span> 
     </span>
     <span class='ocr_line' id='line_1_32' title="bbox 250 3179 1158 3272; baseline -0.007 -20"><span class='ocrx_word' id='word_1_230' title='bbox 250 3188 281 3252; x_wconf 85' lang='lat' dir='ltr'><strong>td</strong></span> <span class='ocrx_word' id='word_1_231' title='bbox 302 3186 506 3252; x_wconf 78' lang='lat' dir='ltr'><strong>Aeschinem</strong></span> <span class='ocrx_word' id='word_1_232' title='bbox 526 3187 573 3270; x_wconf 88' lang='lat' dir='ltr'><strong>(p.</strong></span> <span class='ocrx_word' id='word_1_233' title='bbox 596 3187 667 3272; x_wconf 78' lang='lat'><em>759.</em></span> <span class='ocrx_word' id='word_1_234' title='bbox 689 3181 820 3265; x_wconf 84' lang='lat' dir='ltr'><strong>Reisk.)</strong></span> <span class='ocrx_word' id='word_1_235' title='bbox 837 3179 975 3269; x_wconf 77' lang='grc' dir='ltr'><strong><em>χρόνους</em></strong></span> <span class='ocrx_word' id='word_1_236' title='bbox 1000 3182 1158 3266; x_wconf 85' lang='lat' dir='ltr'><strong>legerunt</strong></span> 
     </span>
     <span class='ocr_line' id='line_1_33' title="bbox 250 3264 1158 3360; baseline -0.011 -23"><span class='ocrx_word' id='word_1_237' title='bbox 250 3269 375 3360; x_wconf 73' lang='grc' dir='ltr'><strong><em>χρείας,</em></strong></span> <span class='ocrx_word' id='word_1_238' title='bbox 398 3271 493 3336; x_wconf 88' lang='lat' dir='ltr'><strong>cuius</strong></span> <span class='ocrx_word' id='word_1_239' title='bbox 515 3269 643 3334; x_wconf 84' lang='lat' dir='ltr'><strong>erroris</strong></span> <span class='ocrx_word' id='word_1_240' title='bbox 663 3289 761 3332; x_wconf 84' lang='lat' dir='ltr'><strong>causa</strong></span> <span class='ocrx_word' id='word_1_241' title='bbox 780 3279 830 3330; x_wconf 86' lang='lat' dir='ltr'><strong>est</strong></span> <span class='ocrx_word' id='word_1_242' title='bbox 843 3265 1048 3350; x_wconf 78' lang='lat' dir='ltr'><strong>ambiguitas</strong></span> <span class='ocrx_word' id='word_1_243' title='bbox 1070 3264 1158 3330; x_wconf 83' lang='lat' dir='ltr'><strong>eius-</strong></span> 
     </span>
     <span class='ocr_line' id='line_1_34' title="bbox 270 3347 1157 3442; baseline -0.009 -22"><span class='ocrx_word' id='word_1_244' title='bbox 270 3354 475 3442; x_wconf 86' lang='lat' dir='ltr'><strong>compendii.</strong></span> <span class='ocrx_word' id='word_1_245' title='bbox 539 3351 659 3416; x_wconf 86' lang='lat' dir='ltr'><strong>Codex</strong></span> <span class='ocrx_word' id='word_1_246' title='bbox 688 3350 833 3415; x_wconf 86' lang='lat' dir='ltr'><strong>SGerm.</strong></span> <span class='ocrx_word' id='word_1_247' title='bbox 863 3353 934 3437; x_wconf 67' lang='lat'><strong>249.</strong></span> <span class='ocrx_word' id='word_1_248' title='bbox 962 3352 1078 3420; x_wconf 87' lang='lat' dir='ltr'><strong>locum</strong></span> <span class='ocrx_word' id='word_1_249' title='bbox 1109 3347 1157 3413; x_wconf 86' lang='lat' dir='ltr'><strong>sic</strong></span> 
     </span>
     <span class='ocr_line' id='line_1_35' title="bbox 250 3429 1156 3524; baseline -0.009 -18"><span class='ocrx_word' id='word_1_250' title='bbox 250 3453 331 3506; x_wconf 82' lang='lat' dir='ltr'><strong>tum</strong></span> <span class='ocrx_word' id='word_1_251' title='bbox 352 3441 426 3505; x_wconf 87' lang='lat' dir='ltr'><strong>dat:</strong></span> <span class='ocrx_word' id='word_1_252' title='bbox 450 3438 642 3524; x_wconf 70' lang='lat' dir='ltr'><strong>chpodc</strong></span> <span class='ocrx_word' id='word_1_253' title='bbox 664 3435 753 3520; x_wconf 76' lang='lat' dir='ltr'><strong>liyaa</strong></span> <span class='ocrx_word' id='word_1_254' title='bbox 772 3435 928 3500; x_wconf 74' lang='grc' dir='ltr'><strong><em>ἐνταῦθα</em></strong></span> <span class='ocrx_word' id='word_1_255' title='bbox 950 3434 1025 3510; x_wconf 70' lang='grc' dir='ltr'><strong>τάς</strong></span> <span class='ocrx_word' id='word_1_256' title='bbox 1044 3429 1156 3519; x_wconf 78' lang='grc' dir='ltr'><strong><em>χρεί-</em></strong></span> 
     </span>
     <span class='ocr_line' id='line_1_36' title="bbox 253 3515 1159 3610; baseline -0.009 -21"><span class='ocrx_word' id='word_1_257' title='bbox 253 3525 346 3610; x_wconf 85' lang='lat' dir='ltr'><strong>vulg.</strong></span> <span class='ocrx_word' id='word_1_258' title='bbox 376 3521 474 3598; x_wconf 77' lang='grc' dir='ltr'><strong>τούς</strong></span> <span class='ocrx_word' id='word_1_259' title='bbox 495 3519 711 3610; x_wconf 77' lang='grc' dir='ltr'><strong><em>χρόνους).</em></strong></span> <span class='ocrx_word' id='word_1_260' title='bbox 737 3519 821 3606; x_wconf 83' lang='grc' dir='ltr'><strong><em>πρὸς</em></strong></span> <span class='ocrx_word' id='word_1_261' title='bbox 840 3517 987 3603; x_wconf 57' lang='lat' dir='ltr'><strong>ydoneis</strong></span> <span class='ocrx_word' id='word_1_262' title='bbox 1004 3515 1159 3608; x_wconf 63' lang='grc' dir='ltr'><strong><em>χροίας</em></strong></span> 
     </span>
     <span class='ocr_line' id='line_1_37' title="bbox 250 3601 1034 3690; baseline -0.013 -16"><span class='ocrx_word' id='word_1_263' title='bbox 250 3605 431 3686; x_wconf 67' lang='lat' dir='ltr'><strong>cantatione</strong></span> <span class='ocrx_word' id='word_1_264' title='bbox 453 3611 511 3672; x_wconf 83' lang='grc' dir='ltr'><strong>καὶ</strong></span> <span class='ocrx_word' id='word_1_265' title='bbox 532 3605 611 3682; x_wconf 71' lang='grc' dir='ltr'><strong>τούς</strong></span> <span class='ocrx_word' id='word_1_266' title='bbox 631 3603 753 3690; x_wconf 78' lang='grc' dir='ltr'><strong><em>λόγους</em></strong></span> <span class='ocrx_word' id='word_1_267' title='bbox 770 3601 1034 3688; x_wconf 75' lang='grc' dir='ltr'><strong><em>μεταβάλλουσι.</em></strong></span> 
     </span>
    </p>
   </div>
   <div class='ocr_carea' id='block_1_9' title="bbox 250 3749 1163 3848">
    <p class='ocr_par' dir='ltr' id='par_1_9' title="bbox 250 3749 1163 3848">
     <span class='ocr_line' id='line_1_38' title="bbox 250 3749 1163 3848; baseline -0.003 -25"><span class='ocrx_word' id='word_1_268' title='bbox 250 3761 304 3838; x_wconf 70' lang='grc' dir='ltr'><strong>ἲς.</strong></span> <span class='ocrx_word' id='word_1_269' title='bbox 347 3757 441 3825; x_wconf 76' lang='lat' dir='ltr'><strong>vide</strong></span> <span class='ocrx_word' id='word_1_270' title='bbox 474 3781 578 3848; x_wconf 83' lang='lat' dir='ltr'><strong>supra</strong></span> <span class='ocrx_word' id='word_1_271' title='bbox 612 3757 650 3824; x_wconf 91' lang='lat' dir='ltr'><strong>in</strong></span> <span class='ocrx_word' id='word_1_272' title='bbox 679 3755 742 3822; x_wconf 81' lang='lat' dir='ltr'><strong>hac</strong></span> <span class='ocrx_word' id='word_1_273' title='bbox 769 3749 917 3846; x_wconf 78' lang='lat' dir='ltr'><strong>syllaba&#39;</strong></span> <span class='ocrx_word' id='word_1_274' title='bbox 936 3754 976 3823; x_wconf 85' lang='lat' dir='ltr'><strong>et&#39;</strong></span> <span class='ocrx_word' id='word_1_275' title='bbox 1004 3753 1042 3824; x_wconf 85' lang='lat' dir='ltr'><strong>in</strong></span> <span class='ocrx_word' id='word_1_276' title='bbox 1079 3777 1163 3824; x_wconf 73' lang='lat' dir='ltr'><strong>voce</strong></span> 
     </span>
    </p>
   </div>
   <div class='ocr_carea' id='block_1_10' title="bbox 825 3959 933 4082">
    <p class='ocr_par' dir='ltr' id='par_1_10' title="bbox 825 3959 933 4082">
     <span class='ocr_line' id='line_1_39' title="bbox 825 3959 933 4082; baseline -0.037 -46"><span class='ocrx_word' id='word_1_277' title='bbox 825 3959 933 4082; x_wconf 78' lang='lat' dir='ltr'><strong>llhh</strong></span> 
     </span>
    </p>
   </div>
   <div class='ocr_carea' id='block_1_11' title="bbox 0 0 1672 4328">
    <p class='ocr_par' dir='ltr' id='par_1_11' title="bbox 0 0 1672 4328">
     <span class='ocr_line' id='line_1_40' title="bbox 0 0 1672 4328; baseline 0 0"><span class='ocrx_word' id='word_1_278' title='bbox 0 0 1672 4328; x_wconf 95' lang='lat' dir='ltr'><strong> </strong></span> 
     </span>
    </p>
   </div>
  </div>
 </body>
</html>
