3494 4604
439 347 467 412 ,1
774 291 1119 394 rasuram&

436 517 511 586 erat
532 501 713 584 dicendus.
764 502 923 582 Librarii
943 499 1126 597 videlieet,
1152 527 1236 576 eum
1256 502 1296 575 in
1322 499 1438 576 fronte

435 646 609 745 seriptum
629 643 833 716 inuenirent
853 667 886 716 v.
906 667 936 715 c.
966 639 1048 715 Τοῦ
1062 637 1283 715 Ἐοισκόπον
1297 636 1441 735 Κορίν·

434 780 518 856 θον
531 782 617 876 περὶ
631 773 857 866 διαλέκτων,
880 773 954 852 duo
975 776 1040 851 illa
1055 775 1245 871 vocabula,
1269 770 1442 852 Ἐτισνό·

432 941 510 990 που
525 895 753 1013 Κορίνθου,
778 940 842 1016 per
859 911 1118 1070 appositianem
1134 937 1320 1014 perperam
1338 939 1440 988 acce-

432 1050 526 1155 pisse
545 1049 721 1127 videntur.

509 1227 618 1330 Ipsi
608 1255 680 1302 ram
695 1223 876 1327 Stephano
893 1223 1036 1301 Codicis
1053 1225 1108 1300 sui
1125 1223 1331 1327 inscriptio,
1356 1225 1440 1304 Τοῦ

429 1359 740 1462 μοκωριωτοέτοο
763 1358 987 1436 Ὲτιοκόπον
1016 1359 1224 1460 Κορίνθου
1257 1363 1440 1461 περὶτῶν

430 1497 654 1594 ἰδιωμάτων
678 1496 753 1572 τῶν
775 1491 1010 1582 διαλέκτων,
1048 1497 1187 1598 aliquid
1208 1496 1438 1574 dubitationis

430 1655 613 1728 mouerat,
641 1663 724 1709 eum
745 1633 784 1708 in
804 1629 1026 1706 Praefatione
1040 1661 1074 1732 p:
1099 1635 1310 1729 19.'fatetur‚
1336 1664 1438 1735 posse

430 1769 588 1870 aliquem
613 1768 698 1845 inde
723 1765 912 1868 suspicari,
950 1768 1200 1843 “Corinthum
1231 1799 1304 1846 non
1329 1769 1437 1846 huius

429 1956 454 1995 „
463 1905 663 2004 scriptoris,
699 1903 762 1979 sed
788 1902 886 1976 illius
911 1903 1160 1978 celeberrimae
1185 1907 1281 1982 vrbis
1306 1935 1437 1982 nomen

428 2066 553 2133 „esse3
576 2061 610 2114 et
627 2036 967 2150 maieCorinthum,
986 2067 1095 2141 quem
1112 2039 1277 2115 Corinthi
1285 2041 1437 2140 Episco-

425 2203 547 2276 „pum
562 2201 687 2251 vocare
702 2173 907 2279 oportebat,
925 2175 1126 2274 appellari.''
1152 2171 1241 2250 Mox
1257 2197 1373 2250 tamen
1388 2177 1436 2250 si·

425 2310 570 2383 bimet
561 2335 637 2408 rpse
660 2310 759 2384 hunc
761 2309 991 2408 scrupulum
1017 2307 1147 2384 i'niicit:
1167 2311 1327 2410 “parum
1343 2313 1434 2388 veri·

422 2443 573 2543 „simile
589 2445 817 2538 fier1,n0men
830 2443 941 2543 ipsius
957 2466 1242 2544 praetermissum
1251 2447 1357 2521 fuisse
1370 2477 1434 2548 po·

423 2579 539 2689 „tina
566 2606 676 2678 quam
691 2604 822 2652 nomen
846 2579 954 2676 vrbis,
980 2579 1081 2654 euius
1096 2579 1349 2683 Episcopatum
1363 2583 1435 2659 ob-

423 2713 616 2804 „tineret”

499 2889 630 2965 Pulcra
643 2912 791 2966 nouerat
805 2891 881 2992 ipse
895 2881 1115 2996 Stephanus,
1142 2915 1273 2996 quanta
1289 2894 1433 2973 lieentia

424 3024 585 3101 Librarii
604 3026 642 3100 in
663 3026 785 3100 titulos
800 3027 979 3104 librorum
995 3029 1137 3129 grassati
1153 3017 1243 3127 sint,
1268 3033 1325 3108 vel
1343 3035 1433 3136 alie7

422 3160 478 3233 nis
496 3158 685 3254 addendis,
703 3160 762 3236 vel
776 3162 977 3238 necessariis
990 3188 1025 3239 et
1036 3166 1202 3266 legitimis
1217 3169 1429 3246 omittendis.

349 3363 353 3374 ,
421 3292 495 3368 Hic
512 3315 632 3369 autem
648 3295 739 3396 quid
752 3297 874 3372 attinet
887 3324 1072 3398 quaerere,
1097 3329 1143 3376 an
1160 3302 1240 3376 talis
1254 3303 1431 3380 mutilatio

420 3429 518 3504 tituli
535 3431 616 3522 fieri
638 3429 821 3533 potuerit?
847 3433 991 3510 Factam
1005 3461 1095 3535 esse,
1120 3436 1262 3538 liquido
1278 3437 1431 3518 demon-

420 3563 625 3642 errabimus.
788 3547 792 3558 ¹

494 3741 638 3822 Etenim
659 3743 760 3846 quod
776 3741 977 3847 Stephanus
997 3749 1229 3829 coniectando
1253 3775 1431 3830 assecutus

417 3875 552 3971 fluerat,
576 3882 713 3962 tametsi
735 3895 836 3958 suam
854 3883 930 3982 ipse
952 3887 1194 3962 coniecturam
1217 3915 1302 3965 mox
1323 3887 1429 3966 dese-⁸

418 4010 510 4105 ruit,
537 4010 666 4094 deinde
683 4016 747 4094 alii
758 4018 841 4096 Viri
856 4015 974 4122 docti,
996 4023 1128 4126 quibus
1142 4026 1304 4126 pluriam
1319 4025 1426 4104 MSS.
