2564 4524
36 101 371 176 Guscoarvs
393 110 453 175 nn
478 112 727 196 araneoso
749 115 968 182 aeones.
1009 85 1082 204 '⁵9³

45 277 178 356 glossa
191 283 341 356 homines
355 284 442 345 docti
457 284 580 346 utiliter
594 285 800 346 contulissent
815 287 851 348 V.
867 287 1016 374 Βάρβαξ,
1031 293 1080 351 ls‘.

54 371 143 442 ραξ,
175 368 277 450 παραὶ
296 370 427 452 Λίβυσι,
458 368 541 448 quod
564 378 609 428 est
630 390 690 449 per
711 369 880 434 dialectum
901 394 961 454 pro
984 373 1078 456 ἄραξ.

56 447 167 522 Quod
193 454 234 514 ad
258 453 383 534 ἄρακος
404 451 547 532 proxime
565 453 697 528 accedit,
724 453 837 516 Suidae
858 455 1030 536 Ἁείρακος,
1057 458 1079 536 ἤ

56 531 198 614 {lamec
224 535 319 615 nepai
337 541 453 617 Κρησὶ,
475 556 546 594 cnm
562 535 668 596 fructu
682 538 900 600 admonebitur
917 541 1077 622 Hesychio

61 618 108 680 V.
123 623 256 702 Βείριξ,
275 621 408 699 ἔλαφος,
429 633 460 681 et
472 619 507 680 V.
526 623 674 701 Βέρκιος,
694 622 749 703 (sic
764 641 780 682 e
796 623 974 686 Phanorino
995 627 1077 687 scri-

1 731 2 735 *
61 703 226 778 bendum,
251 705 347 785 idque
360 726 419 784 per
432 705 618 764 metathesin
630 706 742 766 literae
757 728 786 784 ρ,
810 707 982 769 Laconibus
995 731 1075 790 pro.
1110 711 1114 718 '

59 791 186 867 priam,
210 810 273 868 pro
284 793 433 866 Ber'psuoc
443 787 581 870 ponitur,
601 788 662 848 hoc
679 800 782 849 autern
802 811 862 872 pro
877 795 994 874 Batos}
1010 799 1021 869 )
1039 793 1074 856 ἕ-

56 876 177 951 ὶαφος
199 873 270 935 rino*
286 872 461 935 Λακώνων.
506 876 540 932 ln
563 872 658 933 Suida
675 872 825 955 αἐίρικος,
849 876 931 955 quod
953 881 993 938 ob
1009 879 1074 939 He-

54 958 217 1038 sychinm
232 957 318 1018 torte
333 955 479 1018 nonnulli
492 957 719 1016 restituendum
736 967 888 1032 censeant,
908 959 1074 1023 literarum

54 1043 167 1104 series
189 1061 260 1101 non
284 1041 433 1102 admittit.
473 1040 623 1100 Ceterum
644 1052 753 1102 notum
776 1054 832 1117 est,
853 1041 1001 1104 Romanis
1023 1056 1072 1106 et·

54 1127 125 1186 iam
140 1126 323 1204 antiquitus
346 1129 467 1195 mantis,
497 1131 632 1197 vomeris,
654 1127 775 1206 aliaque
794 1127 859 1186 eius
880 1129 1001 1207 generis
1017 1149 1073 1188 re..

53 1221 112 1270 clo
132 1229 216 1270 casu
231 1219 380 1287 usurpata
392 1208 505 1269 fuisse:
527 1208 592 1268 vid.
609 1208 728 1270 Gifsnii
741 1211 838 1270 index
850 1209 883 1270 iu
900 1209 1024 1274 Lucret.
1032 1213 1069 1274 V.

50 1298 254 1374 Sanguinis.
277 1293 375 1353 Korn.
418 1295 564 1354 Aeolicus
587 1293 797 1354 nominatione
818 1293 956 1372 ἄγωνος,
977 1317 1071 1376 quern

54 1377 189 1437 Koenii
210 1378 334 1458 egregia
355 1387 431 1438 nota
453 1387 689 1451 commemorat,
716 1378 795 1437 facit
813 1391 849 1438 vt
870 1379 1069 1441 meminerim

56 1464 162 1524 vocis
175 1463 408 1542 λεονιάγχωνος
430 1463 463 1522 in
484 1460 667 1522 Callimachi
678 1460 911 1543 Epigrammata
927 1465 1068 1528 xxxvl.

163 1583 226 1643 Ts's
233 1601 283 1678 με,
304 1579 450 1646 leonaci
458 1603 598 1680 yznre,
620 1579 780 1656 cocardus,
802 1580 940 1663 odyssea
951 1583 1027 1658 ὄζον

179 1670 283 1740 dnus
300 1709 307 1726 .
325 1710 333 1726 .
350 1713 357 1728 .
375 1670 441 1742 sifi·
459 1670 608 1745 Αρχῖνος.
631 1671 741 1739 noio&
762 1665 780 1727 ὁ
796 1666 899 1748 Κρής.
921 1667 1066 1751 δέχομαι.

58 1787 129 1848 lam
154 1782 322 1844 Ernestius
343 1783 577 1866 λεοντάγχωνος
597 1801 656 1861 pro
677 1792 817 1842 monstro
839 1785 931 1843 verbi
949 1783 1068 1860 habuit,

59 1871 220 1952 probans,
242 1868 372 1948 perinde
395 1878 432 1927 vt
448 1867 610 1938 lacobsins,
631 1866 833 1926 Valckenarii
853 1867 1067 1929 coniecturam

61 1949 231 2036 tsdrrayl'
255 1941 322 2014 aida.
364 1950 547 2012 sestianae
566 1939 636 2023 eide,
661 1950 746 2009 inter
764 1950 842 2010 duos
857 1954 996 2030 positum
1008 1973 1067 2013 vo·

63 2040 205 2110 munos,
234 2057 276 2098 ex
294 2057 364 2095 meo
386 2055 477 2096 sensu
499 2045 561 2096 tam
586 2033 699 2094 durum
724 2045 778 2108 est,
802 2045 837 2094 vt
860 2036 949 2098 nullo
973 2036 1066 2101 modo

63 2124 185 2206 possim
210 2119 365 2183 assentiri.
408 2121 455 2179 ab
479 2119 666 2180 amicissimo
690 2114 880 2196 Boissonado
902 2120 1066 2195 excitatus,

64 2220 99 2268 rt
125 2226 233 2267 rneesn
255 2205 295 2264 de
313 2203 374 2264 hoc
397 2201 581 2265 Callimachi
602 2205 673 2264 loco
694 2204 880 2263 sententiam
897 2224 1066 2287 exprome-

64 2345 144 2402 ret,
164 2341 291 2382 memor
301 2321 405 2380 sacilis
413 2317 664 2380 commutationis
679 2299 892 2400 litterarum}
907 2331 938 2382 et
951 2295 979 2396 i,
1001 2299 1066 2384 det

65 2467 111 2517 us,
132 2441 243 2502 statim
261 2439 359 2506 incidi
373 2439 405 2496 in
420 2437 717 2516 λεοντόχλαινε,
738 2435 820 2516 quod
834 2437 981 2499 Herculis
996 2441 1065 2521 epi.

64 2527 179 2588 theton
196 2527 290 2586 etiam
305 2523 339 2581 in
353 2523 508 2583 Analectis
518 2521 669 2582 Brunckii
683 2523 721 2582 Τ.
738 2523 774 2583 ll.
790 2542 860 2602 pag.
877 2545 926 2604 99.
940 2525 1064 2605 legitur.

67 2613 157 2688 Quod
184 2631 258 2670 cum
280 2605 468 2668 Boissonado
489 2627 558 2666 meo
578 2606 779 2680 indicassem,
807 2608 834 2664 is
860 2628 909 2666 me
932 2610 1064 2684 monuit,

66 2698 202 2756 eandem
226 2693 437 2754 coniecturam
460 2692 624 2756 secumab
637 2690 918 2750 dmstelodamensi
934 2691 1064 2766 Critico,

65 2779 189 2840 Dauide
210 2777 321 2838 lacobo
341 2795 401 2836 van
423 2775 560 2854 Lennep,
582 2774 734 2856 perdocto
754 2774 876 2834 editore
890 2773 1065 2834 Heroidum

65 2864 186 2935 Ouidii,
208 2859 467 2921 communicatam
491 2878 566 2918 esse.
609 2858 654 2916 Ab
676 2859 785 2917 eodem
802 2858 908 2939 paullo
923 2863 1063 2938 postacss

66 2949 151 3027 cepit
162 2955 271 3006 notam
287 2944 437 3004 ineditam
448 2942 686 3015 Hemsterlrusii,
705 2963 765 3020 qua
780 2943 904 3022 vulgata
919 2941 1065 3002 Callima·
1095 2951 1101 2974 ‘

65 3034 116 3092 clri
132 3033 296 3110 scriptura
309 3029 501 3088 defenditur.
542 3027 638 3101 Hanc,
660 3027 783 3088 veniam
803 3037 924 3099 nactus,
945 3025 1066 3104 publici

65 3117 143 3176 iuris
157 3117 285 3176 faciam.
328 3111 379 3172 Sic
390 3112 484 3192 igitur
500 3111 554 3172 Vir
572 3111 732 3170 Summus:
754 3108 881 3185 „Vidcri
897 3109 1068 3191 possitde··

66 3235 168 3296 buisse
184 3255 243 3316 per
268 3255 286 3293 o
302 3231 395 3290 scribi
409 3229 623 3312 λεοντάγχονε,
646 3229 762 3308 quippe
782 3215 864 3308 qdod
879 3226 1017 3306 primum
1030 3249 1065 3287 o-

66 3323 123 3380 riri
141 3319 290 3380 videatur
314 3335 354 3374 ex
373 3318 452 3376 λέων
471 3319 595 3382 λέοντος
614 3324 646 3374 et
665 3311 796 3392 ἀγχόνη.
850 3311 1066 3370 Veruntamen

66 3406 229 3484 analogiae
248 3399 302 3461 hic
322 3409 368 3458 est
384 3399 506 3458 diuersa
531 3399 621 3460 ratio.
666 3397 804 3456 l'rimum
822 3393 941 3478 ἄγχων,
963 3397 1065 3475 parti-

67 3489 185 3568 cipinrn
211 3486 303 3545 verbi
325 3482 423 3566 ἄγχω,
453 3494 591 3543 mutatur
610 3484 644 3541 in
668 3499 784 3540 nomen
802 3483 854 3539 vel
873 3475 1065 3539 adiectiuum

63 3573 116 3631 rel
132 3571 311 3651 proprium.
355 3571 462 3650 ἄγχων
474 3566 535 3626 hoc
547 3577 638 3647 pacto
661 3565 852 3625 adiectinum
869 3561 995 3642 quidem
1011 3583 1067 3642 ge-

63 3657 201 3715 nitiuum
221 3654 318 3716 habet
340 3652 507 3732 ἄγχοντος,
528 3653 582 3710 sed
606 3650 771 3730 proprium
793 3667 908 3708 nornen
931 3648 1067 3706 sormam

63 3740 197 3820 genitiui
215 3739 314 3820 ,stiam
335 3733 467 3798 adsciuit
489 3735 641 3822 ἄγχωνος.
664 3745 667 3754 ’
686 3733 751 3794 lam
763 3729 962 3814 λεονεάγχων
977 3740 1068 3792 notat

718 3818 797 3918 Pr
