3494 4604
423 363 482 414 ιιι
752 335 1092 419 PRAEFATIO

417 553 454 628 p.
473 529 533 622 96.
547 523 698 603 loannes
714 525 854 604 Alberti
868 525 915 602 ad
930 526 1085 630 Hesycb.
1104 527 1209 604 Tom.
1227 526 1256 603 Ι.
1274 528 1422 627 probo,
1448 627 1451 635 ῃ

421 669 478 736 18.
500 661 593 735 Luat
619 663 720 762 Casp.
737 663 1013 740 Valckenaerius
1030 661 1075 736 ad
1091 661 1275 768 Euripidis
1287 662 1422 738 Phoen.

414 823 451 898 p.
467 800 552 893 269.
571 801 655 892 449„
671 819 706 872 et
719 797 765 872 ad
778 797 1006 874 Herodotum
1019 827 1054 898 p.
1072 801 1156 892 167,
1173 801 1233 890 57.
1252 801 1346 889 994,
1362 819 1422 870 99.

491 932 586 1010 Rem
605 933 711 1032 plane
732 936 877 1009 conficit
892 932 1116 1032 Amplissimi
1134 931 1286 1006 Gerordi
1301 933 1424 1007 Moer-

413 1067 539 1144 manni
555 1065 697 1162 Codex,
722 1069 787 1169 qui
808 1067 957 1144 totidem
971 1067 1080 1143 literis
1098 1071 1257 1170 praebet:
1281 1072 1426 1163 Γρηγο-

413 1200 506 1302 ρίου
520 1202 818 1300 Μητροπολίτου
833 1202 1042 1301 Κορίνθου
1057 1209 1142 1302 περὶ
1157 1199 1385 1280 orarium.

489 1337 615 1438 Itaque
633 1339 901 1434 GREGORII,
926 1341 1002 1434 vel,
1024 1361 1062 1416 vt
1074 1343 1111 1415 in
1128 1337 1322 1416 (lodicibus
1337 1336 1424 1436 qui-

413 1471 566 1550 busdam
583 1497 740 1568 vocatur,
766 1475 978 1551 GEORGII
991 1504 1121 1551 nomen
1137 1474 1303 1549 habuisse
1316 1471 1423 1546 huius

415 1605 461 1684 de
483 1608 655 1684 Dialectis
677 1611 792 1686 libelli
816 1633 1016 1707 auctorem,
1041 1611 1266 1711 eundemque
1290 1607 1422 1684 Corin·-

414 1749 578 1827 thiorum
602 1746 860 1848 Metropoliten
881 1746 1007 1842 sitisse,
1049 1746 1162 1823 dubio
1186 1765 1292 1820 caret.
1342 1743 1422 1818 Mi-

413 1884 531 1960 chaili
551 1885 639 1960 adeo
661 1883 697 1958 le
719 1882 842 1974 Quien
866 1881 1028 1958 Orientis
1042 1879 1236 1956 Christiani
1249 1881 1354 1956 Tom.
1371 1878 1421 1954 11.

411 2047 448 2122 u
467 2024 549 2094 164.
566 2022 658 2098 inter
672 2015 840 2094 Corinthi
854 2018 1067 2118 Episcopos,
1093 2043 1184 2119 quos
1199 2014 1345 2116 quidem
1361 2015 1422 2090 in·-

413 2153 541 2255 dagare
560 2154 715 2256 potuerit
728 2153 799 2229 Vir
815 2152 1095 2246 sollertissimus,
1120 2171 1351 2250 posteaquam
1371 2153 1419 2222 N.

412 2290 559 2368 XXIV.
576 2291 689 2364 alium
706 2285 901 2383 Georgium
924 2305 1161 2379 recensuerat,
1187 2285 1236 2360 N.
1256 2284 1418 2360 XXVII.

411 2445 610 2502 retentetur
642 2419 898 2500 GEORGIVS
932 2420 982 2498 ΙΙ.
1012 2420 1097 2496 olias
1127 2418 1421 2502 GREGOBJVS

414 2556 669 2634 CORINTHI
688 2554 1067 2634 METROPOLITA.

488 2693 546 2768 De
572 2690 728 2768 PARDI
758 2691 970 2791 cognomine
999 2716 1091 2791 quae
1115 2689 1292 2785 Matius,
1316 2692 1420 2770 ·loco

412 2853 521 2927 supra
548 2824 722 2921 indicato,
764 2826 925 2920 monuit,
965 2825 1182 2905 MSStorum
1210 2828 1318 2901 etiam
1347 2826 1421 2904 fide

411 2964 699 3062 comprobantur.
730 2957 939 3059 Γρηγῦριος
953 2958 1112 3059 Πάρδος
1126 2960 1421 3061 Μητροπολίτης

411 3095 622 3195 Κορίνθου
644 3096 842 3197 appellatur
862 3095 901 3174 iu
917 3095 1107 3218 ppusculo
1130 3093 1284 3192 inedito,
1317 3097 1419 3172 cuius

410 3258 454 3312 ex
471 3230 600 3305 Allatii
624 3231 788 3314 Diatriha
809 3229 856 3312 de
876 3228 1017 3328 scriptis
1031 3231 1240 3312 Damasceni
1255 3231 1418 3314 meminit

410 3363 594 3444 Fabricius
616 3353 791 3444 biblioth.
808 3365 931 3440 Graec.
948 3363 1053 3443 Tom.
1071 3365 1174 3448 VIII.
1193 3395 1227 3468 p.
1246 3371 1331 3444 tri.
1371 3365 1417 3442 In

412 3497 546 3578 codice
568 3499 684 3599 Regio
700 3500 865 3584 Parisino
886 3499 934 3576 N.
959 3502 1070 3597 9669.
1094 3502 1193 3578 aliud
1213 3524 1323 3580 exstat
1346 3499 1420 3581 boc

410 3633 534 3712 titulo:
565 3637 607 3714 Γ
599 3633 760 3733 εωργίου
777 3633 1074 3732 Μητροπολίτου
1092 3636 1321 3736 Κορίνθου,
1344 3649 1420 3712 τοῦ

409 3767 596 3870 πρότερον
616 3765 783 3866 Πάρὸου
808 3765 1124 3866 ὀνομαζομένου,
1154 3775 1241 3872 περὶ
1264 3769 1419 3880 Σνυυά·

411 3907 502 4000 §nug
525 3902 598 3986 τοῦ
620 3899 758 3998 λόγου,
782 3900 871 4000 ἤτοι
896 3907 1075 4003 περὶτοῦ
1098 3911 1158 4007 μὴ
1183 3906 1418 3997 σολοικίζειν

414 4063 493 4120 oett.
521 4065 540 4119 e
565 4067 639 4146 quo
663 4041 901 4126 coniecturam
924 4041 1037 4155 Iacere
1061 4045 1161 4145 licet,
1202 4045 1424 4146 Gregorium·
