3494 4604
491 295 582 346 xnvr
831 269 1163 344 PRAEFATIO

490 459 639 540 tetiam
653 452 778 538 allatt
804 449 919 536 Haeo
930 448 1051 563 quod
1064 453 1111 538 in
1127 456 1240 540 notis
1257 456 1469 572 adipsum
1504 441 1520 490 ²

488 603 748 714 Gregorium
763 589 1019 710 expromere
1033 627 1122 684 non
1138 601 1282 708 licuit,
1310 606 1366 692 ad
1383 603 1467 691 osl-
1502 573 1520 640 ff

488 745 722 860 composui
740 742 998 856 Appendieis
1020 745 1190 832 minore
1206 748 1469 835 Grammati·
1501 731 1520 790 ²¹

488 921 640 984 corum
661 889 714 975 de
730 889 931 976 Dialectis
948 890 1106 1003 scripta
1121 893 1369 1006 complexae
1377 897 1429 1004 *).
1502 881 1520 936 ἕ

569 1041 722 1150 Neque
747 1040 847 1124 satis
872 1038 1034 1122 habens
1059 1038 1128 1123 vir
1153 1040 1470 1152 praestantissi-
1511 1035 1516 1083 ³

486 1217 583 1273 mus
591 1224 607 1290 ‚·
633 1185 713 1270 sud
734 1187 869 1298 ipsius
893 1184 1069 1296 opertio
1091 1183 1324 1270 Codioibus
1347 1182 1468 1270 MSS.

486 1359 773 1448 quaeeunque
796 1349 943 1447 posset
961 1348 1216 1415 ornamenta
1241 1332 1287 1417 in
1303 1332 1470 1448 Grego-

484 1480 603 1566 rium
629 1479 913 1589 congessisse,
942 1477 1090 1562 stetim
1113 1475 1322 1563 indicauit
1347 1473 1469 1580 mihi,

483 1628 560 1714 vbi
577 1605 660 1710 alia
677 1641 928 1737 reperturus
945 1651 1095 1708 essem
1140 1623 1334 1708 Monitus
1353 1622 1472 1707 emm

484 1778 538 1860 ab
567 1803 641 1880 eo,
678 1799 808 1885 penes
838 1767 1142 1854 Godofredum
1168 1769 1469 1854 Hermannum

483 1920 757 2009 collationem
801 1945 893 2002 esse
938 1913 1112 2001 Codicis
1148 1915 1386 2029 Augustani
1395 1912 1469 2026 **)‚

483 2067 637 2178 rogaui
661 2067 808 2148 virum
833 2062 1156 2166 doctissimum,
1190 2079 1239 2146 vt
1258 2063 1343 2148 hoc
1362 2065 1468 2148 sub-

485 2212 597 2300 sidio
627 2237 790 2296 nouem
826 2209 1064 2292 editionem
1093 2210 1276 2295 iuuaret
1331 2208 1393 2313 Is,
1422 2227 1468 2294 vt

484 2375 548 2444 est
569 2355 864 2466 paratissimae
890 2353 946 2439 nd
968 2355 1130 2442 litteras
1154 2349 1368 2468 augendas
1385 2384 1467 2442 vo.-

483 2499 659 2586 luntatis
690 2501 1106 2614 propensissimique
1141 2502 1187 2584 in
1217 2531 1309 2606 me,
1346 2519 1467 2588 vete-

483 2673 579 2730 rem
597 2644 805 2748 umioum,
835 2646 990 2751 animi,
1021 2676 1134 2761 quae
1148 2648 1359 2760 petieram
1374 2648 1467 2732 Ex-

482 2808 646 2904 cerpta,
691 2791 923 2876 commissa
951 2792 1025 2879 illa
1052 2796 1318 2906 marginibus
1347 2797 1465 2880 Koe-

480 2941 636 3027 nian‘ae
658 2935 881 3044 editionis,
911 2940 1055 3024 statim
1079 2939 1186 3025 mihi
1204 2940 1361 3030 vtenda
1378 2959 1468 3024 tru-

483 3085 603 3171 didit.
661 3081 785 3185 Quae
807 3082 952 3197 qualia
974 3088 1077 3193 sint,
1108 3088 1244 3200 ipsius
1267 3087 1353 3208 riri
1377 3086 1465 3172 ola-

482 3232 643 3314 rissimi
687 3232 833 3316 verbis
877 3229 1029 3320 dicam.
1086 3238 1114 3280 “
1129 3233 1464 3348 Diligentissime

480 3376 714 3494 „contuli”
732 3379 876 3491 inquit
893 3386 1028 3465 “cum
1045 3379 1204 3468 Codioe
1214 3384 1463 3494 Augustsno

419 3611 424 3628 ,
480 3551 553 3634 ,‚p·
573 3525 637 3606 24.
658 3553 699 3606 n.
722 3551 782 3638 19.
808 3525 852 3608 in
879 3527 1042 3612 Reiseri
1070 3527 1272 3642 Catalogo'
1296 3527 1463 3639 Grego-

520 3794 548 3877 *)
569 3793 604 3855 V.
624 3815 690 3878 pag.
715 3795 784 3858 683.
806 3817 870 3878 sqq.
889 3801 960 3862 coll.
982 3823 1046 3886 pag.
1067 3823 1137 3882 9¹2·

520 3910 563 3991 **)
585 3913 739 3974 Didicerat
766 3915 799 3976 id
820 3915 937 3976 Bestius
966 3939 1004 3981 ex
1024 3921 1190 3984 Hermsnni
1219 3923 1461 3986 adnotationibus

482 4013 519 4072 nd
543 4012 687 4093 Vigerurn
715 4035 779 4097 pag.
804 4017 873 4096 783.
