<?xml version="1.0" encoding="UTF-8"?>
<!DOCTYPE html PUBLIC "-//W3C//DTD XHTML 1.0 Transitional//EN"
    "http://www.w3.org/TR/xhtml1/DTD/xhtml1-transitional.dtd">
<html xmlns="http://www.w3.org/1999/xhtml" xml:lang="en" lang="en">
 <head>
  <title>
</title>
<meta http-equiv="Content-Type" content="text/html;charset=utf-8" />
  <meta name='ocr-system' content='tesseract 3.04.00' />
  <meta name='ocr-capabilities' content='ocr_page ocr_carea ocr_par ocr_line ocrx_word'/>
</head>
<body>
  <div class='ocr_page' id='page_1' title='image "./gregoriicorinth00greggoog_0171.png"; bbox 0 0 2498 4598; ppageno 0'>
   <div class='ocr_carea' id='block_1_1' title="bbox 235 371 1181 468">
    <p class='ocr_par' dir='ltr' id='par_1_1' title="bbox 235 371 1181 468">
     <span class='ocr_line' id='line_1_1' title="bbox 235 371 1181 468; baseline -0.006 -21"><span class='ocrx_word' id='word_1_1' title='bbox 235 405 291 468; x_wconf 61' lang='grc' dir='ltr'><strong>ιφ</strong></span> <span class='ocrx_word' id='word_1_2' title='bbox 342 373 616 440; x_wconf 77' lang='lat' dir='ltr'><strong>ouscourvs</strong></span> <span class='ocrx_word' id='word_1_3' title='bbox 638 372 698 436; x_wconf 84' lang='lat' dir='ltr'><strong>or</strong></span> <span class='ocrx_word' id='word_1_4' title='bbox 719 371 970 438; x_wconf 79' lang='lat' dir='ltr'><strong>nrauucro</strong></span> <span class='ocrx_word' id='word_1_5' title='bbox 992 373 1181 441; x_wconf 80' lang='lat' dir='ltr'><strong>nouus.</strong></span> 
     </span>
    </p>
   </div>
   <div class='ocr_carea' id='block_1_2' title="bbox 85 539 1248 4092">
    <p class='ocr_par' dir='ltr' id='par_1_2' title="bbox 85 539 1248 2484">
     <span class='ocr_line' id='line_1_2' title="bbox 231 539 1212 628; baseline -0.003 -13"><span class='ocrx_word' id='word_1_6' title='bbox 231 539 401 623; x_wconf 80' lang='lat' dir='ltr'><strong>ineditum,</strong></span> <span class='ocrx_word' id='word_1_7' title='bbox 447 547 531 628; x_wconf 91' lang='lat' dir='ltr'><strong>quod</strong></span> <span class='ocrx_word' id='word_1_8' title='bbox 553 547 659 606; x_wconf 83' lang='lat' dir='ltr'><strong>nescio</strong></span> <span class='ocrx_word' id='word_1_9' title='bbox 677 563 810 626; x_wconf 88' lang='lat' dir='ltr'><strong>quorum</strong></span> <span class='ocrx_word' id='word_1_10' title='bbox 832 544 994 606; x_wconf 88' lang='lat' dir='ltr'><strong>decretum</strong></span> <span class='ocrx_word' id='word_1_11' title='bbox 1017 547 1053 607; x_wconf 88' lang='lat' dir='ltr'><strong>in</strong></span> <span class='ocrx_word' id='word_1_12' title='bbox 1071 547 1212 612; x_wconf 66' lang='lat' dir='ltr'><strong>honorent</strong></span> 
     </span>
     <span class='ocr_line' id='line_1_3' title="bbox 229 629 1196 716; baseline 0.001 -19"><span class='ocrx_word' id='word_1_13' title='bbox 229 639 514 716; x_wconf 80' lang='lat' dir='ltr'><strong>Lampsacenorum</strong></span> <span class='ocrx_word' id='word_1_14' title='bbox 534 642 565 692; x_wconf 94' lang='lat' dir='ltr'><strong>et</strong></span> <span class='ocrx_word' id='word_1_15' title='bbox 587 632 827 691; x_wconf 88' lang='lat' dir='ltr'><strong>Democreoutis</strong></span> <span class='ocrx_word' id='word_1_16' title='bbox 849 629 1008 690; x_wconf 86' lang='lat' dir='ltr'><strong>cuiusdam</strong></span> <span class='ocrx_word' id='word_1_17' title='bbox 1033 634 1196 709; x_wconf 66' lang='lat' dir='ltr'><strong>continete</strong></span> 
     </span>
     <span class='ocr_line' id='line_1_4' title="bbox 232 713 1244 799; baseline -0.001 -18"><span class='ocrx_word' id='word_1_18' title='bbox 232 723 277 783; x_wconf 89' lang='lat' dir='ltr'><strong>CI.</strong></span> <span class='ocrx_word' id='word_1_19' title='bbox 298 715 546 790; x_wconf 85' lang='lat' dir='ltr'><strong>P.Bi1rmanno,</strong></span> <span class='ocrx_word' id='word_1_20' title='bbox 574 713 683 776; x_wconf 84' lang='lat' dir='ltr'><strong>eximii</strong></span> <span class='ocrx_word' id='word_1_21' title='bbox 697 714 863 776; x_wconf 81' lang='lat' dir='ltr'><strong>marmoris</strong></span> <span class='ocrx_word' id='word_1_22' title='bbox 876 733 1072 794; x_wconf 73' lang='lat' dir='ltr'>possessore,</span> <span class='ocrx_word' id='word_1_23' title='bbox 1096 719 1198 799; x_wconf 78' lang='lat' dir='ltr'><strong>benign</strong></span> <span class='ocrx_word' id='word_1_24' title='bbox 1224 724 1244 748; x_wconf 70' lang='lat'>²</span> 
     </span>
     <span class='ocr_line' id='line_1_5' title="bbox 228 797 1200 882; baseline 0 -16"><span class='ocrx_word' id='word_1_25' title='bbox 228 825 358 882; x_wconf 37' lang='lat' dir='ltr'><strong>,mecum</strong></span> <span class='ocrx_word' id='word_1_26' title='bbox 380 802 660 880; x_wconf 78' lang='lat' dir='ltr'><strong>cqmmunicatum:</strong></span> <span class='ocrx_word' id='word_1_27' title='bbox 702 799 860 881; x_wconf 72' lang='grc' dir='ltr'><strong>ὑπάρχειν</strong></span> <span class='ocrx_word' id='word_1_28' title='bbox 890 797 923 860; x_wconf 72' lang='grc' dir='ltr'><strong>δὲ</strong></span> <span class='ocrx_word' id='word_1_29' title='bbox 944 797 987 875; x_wconf 77' lang='grc' dir='ltr'><strong>τῷ</strong></span> <span class='ocrx_word' id='word_1_30' title='bbox 1011 800 1148 876; x_wconf 62' lang='lat' dir='ltr'><strong>ornante}</strong></span> <span class='ocrx_word' id='word_1_31' title='bbox 1167 811 1200 866; x_wconf 71' lang='lat' dir='ltr'><strong>aa</strong></span> 
     </span>
     <span class='ocr_line' id='line_1_6' title="bbox 231 881 1203 974; baseline -0.003 -21"><span class='ocrx_word' id='word_1_32' title='bbox 231 891 410 974; x_wconf 78' lang='grc' dir='ltr'><em>προξενίαμ</em></span> <span class='ocrx_word' id='word_1_33' title='bbox 432 883 525 969; x_wconf 74' lang='grc' dir='ltr'><strong><em>παρα</em></strong></span> <span class='ocrx_word' id='word_1_34' title='bbox 544 882 697 960; x_wconf 78' lang='grc' dir='ltr'><em>τᾷ·ιιόλει</em></span> <span class='ocrx_word' id='word_1_35' title='bbox 722 890 780 946; x_wconf 77' lang='grc' dir='ltr'><strong>καὶ</strong></span> <span class='ocrx_word' id='word_1_36' title='bbox 798 881 917 961; x_wconf 74' lang='grc' dir='ltr'><em>ἔφοδον</em></span> <span class='ocrx_word' id='word_1_37' title='bbox 936 888 990 946; x_wconf 76' lang='grc' dir='ltr'><strong>ἐπὶ</strong></span> <span class='ocrx_word' id='word_1_38' title='bbox 1013 885 1081 968; x_wconf 74' lang='grc' dir='ltr'><strong>ιαμ</strong></span> <span class='ocrx_word' id='word_1_39' title='bbox 1109 885 1203 970; x_wconf 59' lang='lat' dir='ltr'><strong>§dilus</strong></span> 
     </span>
     <span class='ocr_line' id='line_1_7' title="bbox 186 964 1238 1056; baseline -0.003 -19"><span class='ocrx_word' id='word_1_40' title='bbox 186 965 192 979; x_wconf 60' lang='lat'><em>⁶</em></span> <span class='ocrx_word' id='word_1_41' title='bbox 233 983 291 1037; x_wconf 80' lang='grc' dir='ltr'><strong>καὶ</strong></span> <span class='ocrx_word' id='word_1_42' title='bbox 318 972 428 1056; x_wconf 83' lang='grc' dir='ltr'><em>δᾶμομ</em></span> <span class='ocrx_word' id='word_1_43' title='bbox 445 968 526 1054; x_wconf 75' lang='grc' dir='ltr'><strong>μετα</strong></span> <span class='ocrx_word' id='word_1_44' title='bbox 549 969 607 1050; x_wconf 76' lang='lat' dir='ltr'><strong>toy</strong></span> <span class='ocrx_word' id='word_1_45' title='bbox 622 965 854 1054; x_wconf 76' lang='grc' dir='ltr'><em>χρηματισμόν</em></span> <span class='ocrx_word' id='word_1_46' title='bbox 871 964 940 1050; x_wconf 72' lang='grc' dir='ltr'><strong>ιιόμ</strong></span> <span class='ocrx_word' id='word_1_47' title='bbox 961 976 1039 1052; x_wconf 76' lang='grc' dir='ltr'><em>περὶ</em></span> <span class='ocrx_word' id='word_1_48' title='bbox 1057 969 1119 1033; x_wconf 78' lang='grc' dir='ltr'><strong>τῶν</strong></span> <span class='ocrx_word' id='word_1_49' title='bbox 1137 966 1238 1054; x_wconf 50' lang='lat' dir='ltr'><strong>toda·¹</strong></span> 
     </span>
     <span class='ocr_line' id='line_1_8' title="bbox 234 1050 1233 1144; baseline -0.003 -25"><span class='ocrx_word' id='word_1_50' title='bbox 234 1057 478 1144; x_wconf 81' lang='lat' dir='ltr'><strong>[Valckenarius</strong></span> <span class='ocrx_word' id='word_1_51' title='bbox 489 1055 529 1114; x_wconf 86' lang='lat' dir='ltr'><strong>ad</strong></span> <span class='ocrx_word' id='word_1_52' title='bbox 543 1054 679 1115; x_wconf 88' lang='lat' dir='ltr'><strong>Theocr.</strong></span> <span class='ocrx_word' id='word_1_53' title='bbox 694 1053 792 1112; x_wconf 77' lang='lat' dir='ltr'><strong>Adon.</strong></span> <span class='ocrx_word' id='word_1_54' title='bbox 809 1072 839 1131; x_wconf 90' lang='lat' dir='ltr'><strong>p.</strong></span> <span class='ocrx_word' id='word_1_55' title='bbox 855 1051 925 1111; x_wconf 86' lang='grc'><strong>363.</strong></span> <span class='ocrx_word' id='word_1_56' title='bbox 942 1050 993 1113; x_wconf 88' lang='lat' dir='ltr'><strong>C.:</strong></span> <span class='ocrx_word' id='word_1_57' title='bbox 1039 1053 1210 1129; x_wconf 74' lang='lat' dir='ltr'><strong>„Dorienses</strong></span> <span class='ocrx_word' id='word_1_58' title='bbox 1231 1073 1233 1078; x_wconf 81' lang='grc'>’</span> 
     </span>
     <span class='ocr_line' id='line_1_9' title="bbox 232 1137 1213 1225; baseline -0.002 -23"><span class='ocrx_word' id='word_1_59' title='bbox 232 1143 355 1225; x_wconf 85' lang='lat' dir='ltr'><strong>quidam</strong></span> <span class='ocrx_word' id='word_1_60' title='bbox 369 1151 399 1202; x_wconf 89' lang='lat' dir='ltr'><strong>et</strong></span> <span class='ocrx_word' id='word_1_61' title='bbox 415 1137 526 1200; x_wconf 73' lang='lat' dir='ltr'><strong>nestas</strong></span> <span class='ocrx_word' id='word_1_62' title='bbox 540 1159 582 1200; x_wconf 81' lang='lat' dir='ltr'><strong>ex</strong></span> <span class='ocrx_word' id='word_1_63' title='bbox 597 1137 797 1219; x_wconf 79' lang='lat' dir='ltr'><strong>diphthongis</strong></span> <span class='ocrx_word' id='word_1_64' title='bbox 808 1137 941 1196; x_wconf 86' lang='lat' dir='ltr'><strong>alteram</strong></span> <span class='ocrx_word' id='word_1_65' title='bbox 952 1139 1120 1199; x_wconf 80' lang='lat' dir='ltr'><strong>vocalium</strong></span> <span class='ocrx_word' id='word_1_66' title='bbox 1134 1141 1166 1198; x_wconf 92' lang='lat' dir='ltr'><strong>in</strong></span> <span class='ocrx_word' id='word_1_67' title='bbox 1176 1161 1213 1200; x_wconf 80' lang='lat' dir='ltr'><strong>aa·</strong></span> 
     </span>
     <span class='ocr_line' id='line_1_10' title="bbox 230 1219 1248 1309; baseline -0.004 -23"><span class='ocrx_word' id='word_1_68' title='bbox 230 1235 381 1309; x_wconf 77' lang='lat' dir='ltr'><strong>quantem</strong></span> <span class='ocrx_word' id='word_1_69' title='bbox 401 1223 553 1303; x_wconf 84' lang='lat' dir='ltr'><strong>liquidam</strong></span> <span class='ocrx_word' id='word_1_70' title='bbox 569 1223 837 1282; x_wconf 66' lang='lat' dir='ltr'><strong>transnatabant:</strong></span> <span class='ocrx_word' id='word_1_71' title='bbox 880 1219 944 1282; x_wconf 84' lang='lat' dir='ltr'><strong>huo</strong></span> <span class='ocrx_word' id='word_1_72' title='bbox 961 1223 1130 1302; x_wconf 81' lang='lat' dir='ltr'><strong>pertinent</strong></span> <span class='ocrx_word' id='word_1_73' title='bbox 1141 1221 1215 1306; x_wconf 67' lang='lat' dir='ltr'><strong>’Equ-</strong></span> <span class='ocrx_word' id='word_1_74' title='bbox 1228 1227 1248 1291; x_wconf 70' lang='grc' dir='ltr'><strong>ι’</strong></span> 
     </span>
     <span class='ocr_line' id='line_1_11' title="bbox 231 1296 1243 1396; baseline -0.001 -25"><span class='ocrx_word' id='word_1_75' title='bbox 231 1307 356 1396; x_wconf 77' lang='grc' dir='ltr'><em>βιννός·</em></span> <span class='ocrx_word' id='word_1_76' title='bbox 398 1306 574 1391; x_wconf 58' lang='lat' dir='ltr'><strong>noranta·</strong></span> <span class='ocrx_word' id='word_1_77' title='bbox 619 1303 772 1372; x_wconf 80' lang='grc' dir='ltr'><em>Φαιννός·</em></span> <span class='ocrx_word' id='word_1_78' title='bbox 808 1304 997 1380; x_wconf 81' lang='grc' dir='ltr'><em>Δεννάζειν·</em></span> <span class='ocrx_word' id='word_1_79' title='bbox 1047 1296 1243 1388; x_wconf 52' lang='lat' dir='ltr'><strong>Maiaque-¹·</strong></span> 
     </span>
     <span class='ocr_line' id='line_1_12' title="bbox 232 1389 1216 1468; baseline -0.007 -9"><span class='ocrx_word' id='word_1_80' title='bbox 232 1391 357 1459; x_wconf 79' lang='lat' dir='ltr'><strong>Belloi·</strong></span> <span class='ocrx_word' id='word_1_81' title='bbox 380 1401 438 1452; x_wconf 86' lang='lat' dir='ltr'><strong>etc.</strong></span> <span class='ocrx_word' id='word_1_82' title='bbox 481 1392 629 1452; x_wconf 78' lang='lat' dir='ltr'><strong>ultimum</strong></span> <span class='ocrx_word' id='word_1_83' title='bbox 649 1389 745 1466; x_wconf 86' lang='lat' dir='ltr'><strong>illud,</strong></span> <span class='ocrx_word' id='word_1_84' title='bbox 775 1389 939 1468; x_wconf 79' lang='lat' dir='ltr'><strong>aliquoties</strong></span> <span class='ocrx_word' id='word_1_85' title='bbox 959 1389 992 1450; x_wconf 89' lang='lat' dir='ltr'><strong>in</strong></span> <span class='ocrx_word' id='word_1_86' title='bbox 1016 1395 1216 1452; x_wconf 83' lang='lat' dir='ltr'><strong>marmoribus</strong></span> 
     </span>
     <span class='ocr_line' id='line_1_13' title="bbox 232 1473 1216 1557; baseline -0.006 -17"><span class='ocrx_word' id='word_1_87' title='bbox 232 1476 367 1557; x_wconf 84' lang='lat' dir='ltr'><strong>antiquis</strong></span> <span class='ocrx_word' id='word_1_88' title='bbox 381 1478 519 1548; x_wconf 88' lang='lat' dir='ltr'><strong>obuium,</strong></span> <span class='ocrx_word' id='word_1_89' title='bbox 539 1477 654 1557; x_wconf 85' lang='lat' dir='ltr'><strong>legitur</strong></span> <span class='ocrx_word' id='word_1_90' title='bbox 667 1475 761 1535; x_wconf 84' lang='lat' dir='ltr'><strong>etiam</strong></span> <span class='ocrx_word' id='word_1_91' title='bbox 774 1475 808 1534; x_wconf 89' lang='lat' dir='ltr'><strong>in</strong></span> <span class='ocrx_word' id='word_1_92' title='bbox 821 1473 982 1534; x_wconf 86' lang='lat' dir='ltr'><strong>Plutarchi</strong></span> <span class='ocrx_word' id='word_1_93' title='bbox 997 1479 1130 1553; x_wconf 87' lang='lat' dir='ltr'><strong>Quaest.</strong></span> <span class='ocrx_word' id='word_1_94' title='bbox 1142 1475 1216 1538; x_wconf 86' lang='lat' dir='ltr'><strong>Rom.</strong></span> 
     </span>
     <span class='ocr_line' id='line_1_14' title="bbox 232 1555 1217 1645; baseline 0 -22"><span class='ocrx_word' id='word_1_95' title='bbox 232 1585 264 1645; x_wconf 85' lang='lat' dir='ltr'><strong>p.</strong></span> <span class='ocrx_word' id='word_1_96' title='bbox 279 1563 351 1623; x_wconf 85' lang='lat'><strong>288.</strong></span> <span class='ocrx_word' id='word_1_97' title='bbox 366 1559 399 1618; x_wconf 89' lang='lat' dir='ltr'><strong>B.</strong></span> <span class='ocrx_word' id='word_1_98' title='bbox 413 1561 467 1620; x_wconf 83' lang='lat' dir='ltr'><strong>vbi</strong></span> <span class='ocrx_word' id='word_1_99' title='bbox 482 1561 578 1644; x_wconf 72' lang='lat' dir='ltr'><strong>scrihi</strong></span> <span class='ocrx_word' id='word_1_100' title='bbox 590 1561 685 1620; x_wconf 87' lang='lat' dir='ltr'><strong>debet</strong></span> <span class='ocrx_word' id='word_1_101' title='bbox 698 1557 752 1634; x_wconf 74' lang='grc' dir='ltr'><strong>τῆς</strong></span> <span class='ocrx_word' id='word_1_102' title='bbox 765 1555 881 1644; x_wconf 75' lang='grc' dir='ltr'><em>βουλῆς</em></span> <span class='ocrx_word' id='word_1_103' title='bbox 891 1555 958 1620; x_wconf 74' lang='lat' dir='ltr'><strong>aino</strong></span> <span class='ocrx_word' id='word_1_104' title='bbox 974 1562 1128 1622; x_wconf 77' lang='grc' dir='ltr'><em>Αἰολέων</em></span> <span class='ocrx_word' id='word_1_105' title='bbox 1144 1564 1217 1623; x_wconf 78' lang='lat' dir='ltr'><strong>Bu-</strong></span> 
     </span>
     <span class='ocr_line' id='line_1_15' title="bbox 231 1641 1221 1729; baseline 0.001 -23"><span class='ocrx_word' id='word_1_106' title='bbox 231 1645 290 1717; x_wconf 77' lang='grc' dir='ltr'><strong>λᾶς</strong></span> <span class='ocrx_word' id='word_1_107' title='bbox 309 1648 661 1729; x_wconf 76' lang='grc' dir='ltr'><em>προςαγορευομένης.“</em></span> <span class='ocrx_word' id='word_1_108' title='bbox 724 1641 847 1702; x_wconf 82' lang='lat' dir='ltr'><strong>Rech&#39;us</strong></span> <span class='ocrx_word' id='word_1_109' title='bbox 866 1641 1074 1726; x_wconf 78' lang='grc' dir='ltr'><em>βαρυτόνως,</em></span> <span class='ocrx_word' id='word_1_110' title='bbox 1105 1643 1221 1728; x_wconf 56' lang='lat' dir='ltr'><strong>stillae,</strong></span> 
     </span>
     <span class='ocr_line' id='line_1_16' title="bbox 231 1725 1221 1812; baseline -0.004 -20"><span class='ocrx_word' id='word_1_111' title='bbox 231 1729 389 1812; x_wconf 88' lang='lat' dir='ltr'><strong>quomodo</strong></span> <span class='ocrx_word' id='word_1_112' title='bbox 413 1729 512 1788; x_wconf 86' lang='lat' dir='ltr'><strong>edidit</strong></span> <span class='ocrx_word' id='word_1_113' title='bbox 529 1725 784 1810; x_wconf 84' lang='lat' dir='ltr'><strong>Wyttanbachius</strong></span> <span class='ocrx_word' id='word_1_114' title='bbox 805 1725 843 1786; x_wconf 87' lang='lat' dir='ltr'><strong>T.</strong></span> <span class='ocrx_word' id='word_1_115' title='bbox 870 1726 908 1789; x_wconf 92' lang='lat' dir='ltr'><strong>ll.</strong></span> <span class='ocrx_word' id='word_1_116' title='bbox 933 1747 965 1806; x_wconf 90' lang='lat' dir='ltr'><strong>p.</strong></span> <span class='ocrx_word' id='word_1_117' title='bbox 995 1747 1065 1806; x_wconf 86' lang='lat'><strong>177.</strong></span> <span class='ocrx_word' id='word_1_118' title='bbox 1089 1730 1221 1808; x_wconf 85' lang='lat' dir='ltr'><strong>&#39;I&#39;oupius</strong></span> 
     </span>
     <span class='ocr_line' id='line_1_17' title="bbox 85 1809 1220 1896; baseline -0.004 -20"><span class='ocrx_word' id='word_1_119' title='bbox 85 1861 103 1865; x_wconf 93' lang='lat'><em>-</em></span> <span class='ocrx_word' id='word_1_120' title='bbox 230 1813 374 1876; x_wconf 84' lang='lat' dir='ltr'><strong>Addend.</strong></span> <span class='ocrx_word' id='word_1_121' title='bbox 385 1813 420 1872; x_wconf 91' lang='lat' dir='ltr'><strong>in</strong></span> <span class='ocrx_word' id='word_1_122' title='bbox 436 1813 570 1874; x_wconf 87' lang='lat' dir='ltr'><strong>Theocr.</strong></span> <span class='ocrx_word' id='word_1_123' title='bbox 592 1811 685 1890; x_wconf 86' lang='lat' dir='ltr'><strong>Idyll.</strong></span> <span class='ocrx_word' id='word_1_124' title='bbox 696 1809 836 1872; x_wconf 82' lang='lat' dir='ltr'><strong>XXVIII.</strong></span> <span class='ocrx_word' id='word_1_125' title='bbox 856 1811 966 1873; x_wconf 82' lang='lat' dir='ltr'>v.15.:</span> <span class='ocrx_word' id='word_1_126' title='bbox 1008 1811 1220 1896; x_wconf 62' lang='grc' dir='ltr'><em>,ἐβαλλόμαα</em></span> 
     </span>
     <span class='ocr_line' id='line_1_18' title="bbox 231 1893 1219 1982; baseline 0.001 -23"><span class='ocrx_word' id='word_1_127' title='bbox 231 1899 289 1960; x_wconf 89' lang='lat' dir='ltr'><strong>Ed.</strong></span> <span class='ocrx_word' id='word_1_128' title='bbox 310 1897 399 1959; x_wconf 86' lang='lat' dir='ltr'><strong>Rom.</strong></span> <span class='ocrx_word' id='word_1_129' title='bbox 417 1908 450 1957; x_wconf 89' lang='lat' dir='ltr'><strong>et</strong></span> <span class='ocrx_word' id='word_1_130' title='bbox 469 1895 551 1957; x_wconf 80' lang='lat' dir='ltr'><strong>Flor.</strong></span> <span class='ocrx_word' id='word_1_131' title='bbox 571 1893 764 1982; x_wconf 76' lang='grc' dir='ltr'><em>ἐβολλοίμαν.</em></span> <span class='ocrx_word' id='word_1_132' title='bbox 792 1893 848 1954; x_wconf 82' lang='grc' dir='ltr'><strong>Εᾶ.</strong></span> <span class='ocrx_word' id='word_1_133' title='bbox 866 1895 1020 1956; x_wconf 90' lang='lat' dir='ltr'><strong>Commel.</strong></span> <span class='ocrx_word' id='word_1_134' title='bbox 1033 1895 1219 1982; x_wconf 76' lang='grc' dir='ltr'><em>ἐβολλόμαν.</em></span> 
     </span>
     <span class='ocr_line' id='line_1_19' title="bbox 231 1980 1220 2066; baseline 0.002 -23"><span class='ocrx_word' id='word_1_135' title='bbox 231 1982 325 2060; x_wconf 89' lang='lat' dir='ltr'><strong>Quod</strong></span> <span class='ocrx_word' id='word_1_136' title='bbox 337 2003 450 2045; x_wconf 84' lang='lat' dir='ltr'><strong>verum</strong></span> <span class='ocrx_word' id='word_1_137' title='bbox 473 1991 504 2040; x_wconf 89' lang='lat' dir='ltr'><strong>et</strong></span> <span class='ocrx_word' id='word_1_138' title='bbox 527 1983 691 2064; x_wconf 81' lang='lat' dir='ltr'><strong>egregium.</strong></span> <span class='ocrx_word' id='word_1_139' title='bbox 735 1980 821 2040; x_wconf 88' lang='lat' dir='ltr'><strong>Idem</strong></span> <span class='ocrx_word' id='word_1_140' title='bbox 845 1982 1025 2064; x_wconf 77' lang='grc' dir='ltr'><em>ἐβολλόμαν</em></span> <span class='ocrx_word' id='word_1_141' title='bbox 1047 1991 1080 2041; x_wconf 86' lang='lat' dir='ltr'><strong>ct</strong></span> <span class='ocrx_word' id='word_1_142' title='bbox 1098 1981 1220 2066; x_wconf 77' lang='grc' dir='ltr'><em>ἐβουλό-</em></span> 
     </span>
     <span class='ocr_line' id='line_1_20' title="bbox 232 2063 1219 2154; baseline -0.004 -23"><span class='ocrx_word' id='word_1_143' title='bbox 232 2089 309 2154; x_wconf 82' lang='grc' dir='ltr'><strong>μην.</strong></span> <span class='ocrx_word' id='word_1_144' title='bbox 330 2078 368 2128; x_wconf 83' lang='lat' dir='ltr'><strong>vt</strong></span> <span class='ocrx_word' id='word_1_145' title='bbox 384 2064 485 2150; x_wconf 73' lang='grc' dir='ltr'><em>βουλή</em></span> <span class='ocrx_word' id='word_1_146' title='bbox 506 2076 538 2125; x_wconf 88' lang='lat' dir='ltr'><strong>et</strong></span> <span class='ocrx_word' id='word_1_147' title='bbox 559 2065 643 2150; x_wconf 74' lang='grc' dir='ltr'><em>βολιὶ</em></span> <span class='ocrx_word' id='word_1_148' title='bbox 664 2063 848 2148; x_wconf 76' lang='grc' dir='ltr'><em>ιίοεβόλλα.</em></span> <span class='ocrx_word' id='word_1_149' title='bbox 870 2065 908 2122; x_wconf 91' lang='lat' dir='ltr'><strong>de</strong></span> <span class='ocrx_word' id='word_1_150' title='bbox 926 2085 989 2145; x_wconf 90' lang='lat' dir='ltr'><strong>quo</strong></span> <span class='ocrx_word' id='word_1_151' title='bbox 1010 2067 1219 2148; x_wconf 82' lang='lat' dir='ltr'><strong>antiquissimo</strong></span> 
     </span>
     <span class='ocr_line' id='line_1_21' title="bbox 232 2147 1218 2224; baseline -0.002 -11"><span class='ocrx_word' id='word_1_152' title='bbox 232 2152 391 2214; x_wconf 77' lang='lat' dir='ltr'><strong>scribendi</strong></span> <span class='ocrx_word' id='word_1_153' title='bbox 410 2170 498 2212; x_wconf 90' lang='lat' dir='ltr'><strong>more</strong></span> <span class='ocrx_word' id='word_1_154' title='bbox 518 2151 570 2212; x_wconf 79' lang='lat' dir='ltr'><strong>vir</strong></span> <span class='ocrx_word' id='word_1_155' title='bbox 590 2149 790 2210; x_wconf 85' lang='lat' dir='ltr'><strong>doctissimus</strong></span> <span class='ocrx_word' id='word_1_156' title='bbox 814 2149 853 2208; x_wconf 90' lang='lat' dir='ltr'><strong>ad</strong></span> <span class='ocrx_word' id='word_1_157' title='bbox 874 2147 1079 2224; x_wconf 78' lang='lat' dir='ltr'><strong>Corinthde</strong></span> <span class='ocrx_word' id='word_1_158' title='bbox 1094 2151 1218 2212; x_wconf 86' lang='lat' dir='ltr'><strong>Dialect</strong></span> 
     </span>
     <span class='ocr_line' id='line_1_22' title="bbox 231 2231 1219 2320; baseline -0.005 -23"><span class='ocrx_word' id='word_1_159' title='bbox 231 2257 264 2318; x_wconf 87' lang='lat' dir='ltr'><strong>p.</strong></span> <span class='ocrx_word' id='word_1_160' title='bbox 279 2239 330 2297; x_wconf 87' lang='lat'><strong>82.</strong></span> <span class='ocrx_word' id='word_1_161' title='bbox 354 2231 394 2320; x_wconf 92' lang='lat' dir='ltr'><strong>[i</strong></span> <span class='ocrx_word' id='word_1_162' title='bbox 408 2244 556 2296; x_wconf 88' lang='lat' dir='ltr'><strong>e..nostro</strong></span> <span class='ocrx_word' id='word_1_163' title='bbox 568 2233 671 2316; x_wconf 83' lang='lat' dir='ltr'><strong>loeo]</strong></span> <span class='ocrx_word' id='word_1_164' title='bbox 715 2233 885 2302; x_wconf 74' lang='lat' dir='ltr'><strong>Dicebatur</strong></span> <span class='ocrx_word' id='word_1_165' title='bbox 896 2243 998 2293; x_wconf 88' lang='lat' dir='ltr'><strong>autam</strong></span> <span class='ocrx_word' id='word_1_166' title='bbox 1013 2233 1175 2318; x_wconf 68' lang='grc' dir='ltr'><strong>βόλεσθαι</strong></span> <span class='ocrx_word' id='word_1_167' title='bbox 1194 2243 1219 2295; x_wconf 83' lang='lat' dir='ltr'><strong>et</strong></span> 
     </span>
     <span class='ocr_line' id='line_1_23' title="bbox 230 2315 1217 2404; baseline -0.001 -22"><span class='ocrx_word' id='word_1_168' title='bbox 230 2319 415 2404; x_wconf 73' lang='grc' dir='ltr'><em>βάλλεσθαι.</em></span> <span class='ocrx_word' id='word_1_169' title='bbox 458 2319 590 2397; x_wconf 87' lang='lat' dir='ltr'><strong>Hesych.</strong></span> <span class='ocrx_word' id='word_1_170' title='bbox 613 2316 793 2401; x_wconf 76' lang='grc' dir='ltr'><em>Ἐβόλοννο,</em></span> <span class='ocrx_word' id='word_1_171' title='bbox 815 2315 996 2401; x_wconf 75' lang='grc' dir='ltr'><em>ἐβούλοντο,</em></span> <span class='ocrx_word' id='word_1_172' title='bbox 1014 2319 1217 2402; x_wconf 79' lang='grc' dir='ltr'><em>ἐβουλεύσαν-</em></span> 
     </span>
     <span class='ocr_line' id='line_1_24' title="bbox 229 2399 1202 2484; baseline 0.001 -22"><span class='ocrx_word' id='word_1_173' title='bbox 229 2426 276 2467; x_wconf 82' lang='grc' dir='ltr'><strong>το.</strong></span> <span class='ocrx_word' id='word_1_174' title='bbox 318 2401 469 2481; x_wconf 86' lang='lat' dir='ltr'><strong>Respexit</strong></span> <span class='ocrx_word' id='word_1_175' title='bbox 479 2401 720 2480; x_wconf 82' lang='lat' dir='ltr'><strong>lexicographus</strong></span> <span class='ocrx_word' id='word_1_176' title='bbox 741 2401 781 2460; x_wconf 92' lang='lat' dir='ltr'><strong>ad</strong></span> <span class='ocrx_word' id='word_1_177' title='bbox 796 2399 923 2463; x_wconf 87' lang='lat' dir='ltr'><strong>Homer.</strong></span> <span class='ocrx_word' id='word_1_178' title='bbox 944 2400 1061 2484; x_wconf 77' lang='lat' dir='ltr'><strong>Odysu.</strong></span> <span class='ocrx_word' id='word_1_179' title='bbox 1074 2407 1119 2466; x_wconf 83' lang='lat' dir='ltr'><strong>A.</strong></span> <span class='ocrx_word' id='word_1_180' title='bbox 1135 2405 1202 2464; x_wconf 76' lang='lat'><strong>234.</strong></span> 
     </span>
    </p>

    <p class='ocr_par' dir='ltr' id='par_1_3' title="bbox 122 2485 1218 2734">
     <span class='ocr_line' id='line_1_25' title="bbox 122 2485 1200 2570; baseline -0.004 -20"><span class='ocrx_word' id='word_1_181' title='bbox 122 2491 124 2498; x_wconf 80' lang='grc'>’</span> <span class='ocrx_word' id='word_1_182' title='bbox 275 2488 344 2550; x_wconf 76' lang='grc' dir='ltr'><strong>Νῦν</strong></span> <span class='ocrx_word' id='word_1_183' title='bbox 366 2485 391 2546; x_wconf 85' lang='grc' dir='ltr'><em>δ</em></span> <span class='ocrx_word' id='word_1_184' title='bbox 406 2488 517 2566; x_wconf 74' lang='grc' dir='ltr'><em>ἑτέρως</em></span> <span class='ocrx_word' id='word_1_185' title='bbox 529 2487 779 2550; x_wconf 81' lang='grc' dir='ltr'><em>ΕΒΟΛΟΝΤΟ</em></span> <span class='ocrx_word' id='word_1_186' title='bbox 796 2488 876 2558; x_wconf 75' lang='grc' dir='ltr'><em>θεοὶ,</em></span> <span class='ocrx_word' id='word_1_187' title='bbox 896 2485 985 2548; x_wconf 73' lang='grc' dir='ltr'><em>κακοὶ</em></span> <span class='ocrx_word' id='word_1_188' title='bbox 1001 2486 1200 2570; x_wconf 78' lang='grc' dir='ltr'><em>μητιόωντες,</em></span> 
     </span>
     <span class='ocr_line' id='line_1_26' title="bbox 230 2567 1218 2653; baseline 0.002 -23"><span class='ocrx_word' id='word_1_189' title='bbox 230 2571 291 2636; x_wconf 82' lang='lat' dir='ltr'><strong>vbi</strong></span> <span class='ocrx_word' id='word_1_190' title='bbox 310 2569 404 2630; x_wconf 87' lang='lat' dir='ltr'><strong>hodie</strong></span> <span class='ocrx_word' id='word_1_191' title='bbox 429 2569 511 2628; x_wconf 90' lang='lat' dir='ltr'><strong>male</strong></span> <span class='ocrx_word' id='word_1_192' title='bbox 529 2569 653 2649; x_wconf 87' lang='lat' dir='ltr'><strong>legitur,</strong></span> <span class='ocrx_word' id='word_1_193' title='bbox 673 2567 834 2653; x_wconf 75' lang='grc' dir='ltr'><em>ἐβάλοντο.</em></span> <span class='ocrx_word' id='word_1_194' title='bbox 876 2570 978 2650; x_wconf 86' lang='lat' dir='ltr'><strong>Atque</strong></span> <span class='ocrx_word' id='word_1_195' title='bbox 993 2572 1033 2636; x_wconf 87' lang='lat' dir='ltr'><strong>ad</strong></span> <span class='ocrx_word' id='word_1_196' title='bbox 1049 2571 1135 2632; x_wconf 89' lang='lat' dir='ltr'><strong>hanc</strong></span> <span class='ocrx_word' id='word_1_197' title='bbox 1149 2592 1218 2632; x_wconf 88' lang='lat' dir='ltr'><strong>nor-</strong></span> 
     </span>
     <span class='ocr_line' id='line_1_27' title="bbox 230 2650 969 2734; baseline 0.005 -21"><span class='ocrx_word' id='word_1_198' title='bbox 230 2675 315 2716; x_wconf 84' lang='lat' dir='ltr'><strong>mam</strong></span> <span class='ocrx_word' id='word_1_199' title='bbox 326 2650 528 2732; x_wconf 80' lang='lat' dir='ltr'><strong>corrigendus</strong></span> <span class='ocrx_word' id='word_1_200' title='bbox 541 2651 693 2714; x_wconf 83' lang='lat' dir='ltr'><strong>Homerus</strong></span> <span class='ocrx_word' id='word_1_201' title='bbox 705 2651 818 2734; x_wconf 83' lang='lat' dir='ltr'><strong>Odyss.</strong></span> <span class='ocrx_word' id='word_1_202' title='bbox 835 2657 881 2716; x_wconf 93' lang='grc' dir='ltr'><strong>Π.</strong></span> <span class='ocrx_word' id='word_1_203' title='bbox 897 2654 969 2732; x_wconf 79' lang='grc'><strong>387.</strong></span> 
     </span>
    </p>

    <p class='ocr_par' dir='ltr' id='par_1_4' title="bbox 273 2730 1185 2822">
     <span class='ocr_line' id='line_1_28' title="bbox 273 2730 1185 2822; baseline 0.001 -21"><span class='ocrx_word' id='word_1_204' title='bbox 273 2741 317 2801; x_wconf 80' lang='lat' dir='ltr'><strong>Et</strong></span> <span class='ocrx_word' id='word_1_205' title='bbox 332 2735 356 2798; x_wconf 76' lang='grc' dir='ltr'><strong>δ’</strong></span> <span class='ocrx_word' id='word_1_206' title='bbox 374 2736 450 2822; x_wconf 80' lang='grc' dir='ltr'><em>ὑμῖν</em></span> <span class='ocrx_word' id='word_1_207' title='bbox 464 2730 515 2798; x_wconf 78' lang='grc' dir='ltr'><strong>ὅδε</strong></span> <span class='ocrx_word' id='word_1_208' title='bbox 528 2735 635 2822; x_wconf 77' lang='grc' dir='ltr'><em>μῦθος</em></span> <span class='ocrx_word' id='word_1_209' title='bbox 653 2733 844 2816; x_wconf 72' lang='grc' dir='ltr'><em>ἀφανδάνει,</em></span> <span class='ocrx_word' id='word_1_210' title='bbox 865 2735 948 2801; x_wconf 77' lang='lat' dir='ltr'><strong>oillei</strong></span> <span class='ocrx_word' id='word_1_211' title='bbox 961 2740 1185 2804; x_wconf 79' lang='grc' dir='ltr'><em>ΒΟΛΕΣΘΕ</em></span> 
     </span>
    </p>

    <p class='ocr_par' dir='ltr' id='par_1_5' title="bbox 224 2817 1217 4092">
     <span class='ocr_line' id='line_1_29' title="bbox 272 2817 1012 2907; baseline 0 -21"><span class='ocrx_word' id='word_1_212' title='bbox 272 2819 379 2886; x_wconf 81' lang='grc' dir='ltr'><em>Αὐτόν</em></span> <span class='ocrx_word' id='word_1_213' title='bbox 400 2843 431 2883; x_wconf 81' lang='lat' dir='ltr'><strong>ce</strong></span> <span class='ocrx_word' id='word_1_214' title='bbox 451 2817 541 2894; x_wconf 80' lang='grc' dir='ltr'>ζώειν</span> <span class='ocrx_word' id='word_1_215' title='bbox 552 2827 610 2882; x_wconf 80' lang='grc' dir='ltr'><strong>καὶ</strong></span> <span class='ocrx_word' id='word_1_216' title='bbox 623 2817 706 2900; x_wconf 79' lang='grc' dir='ltr'><em>ἔχειν</em></span> <span class='ocrx_word' id='word_1_217' title='bbox 721 2821 873 2907; x_wconf 75' lang='grc' dir='ltr'><strong><em>πατρώϊα</em></strong></span> <span class='ocrx_word' id='word_1_218' title='bbox 891 2820 1012 2886; x_wconf 80' lang='grc' dir='ltr'><strong>πάντα.</strong></span> 
     </span>
     <span class='ocr_line' id='line_1_30' title="bbox 228 2904 1217 2987; baseline 0 -19"><span class='ocrx_word' id='word_1_219' title='bbox 228 2905 276 2968; x_wconf 91' lang='lat' dir='ltr'><strong>Ita</strong></span> <span class='ocrx_word' id='word_1_220' title='bbox 288 2906 437 2987; x_wconf 78' lang='lat' dir='ltr'><strong>legendus</strong></span> <span class='ocrx_word' id='word_1_221' title='bbox 451 2906 509 2964; x_wconf 87' lang='lat' dir='ltr'><strong>iste</strong></span> <span class='ocrx_word' id='word_1_222' title='bbox 522 2906 611 2966; x_wconf 90' lang='lat' dir='ltr'><strong>Iocus</strong></span> <span class='ocrx_word' id='word_1_223' title='bbox 628 2925 669 2966; x_wconf 77' lang='lat' dir='ltr'><strong>ex</strong></span> <span class='ocrx_word' id='word_1_224' title='bbox 689 2904 777 2966; x_wconf 90' lang='lat' dir='ltr'><strong>libris</strong></span> <span class='ocrx_word' id='word_1_225' title='bbox 799 2907 884 2967; x_wconf 87' lang='lat' dir='ltr'><strong>MSS.</strong></span> <span class='ocrx_word' id='word_1_226' title='bbox 927 2907 996 2968; x_wconf 91' lang='lat' dir='ltr'><strong>Huc</strong></span> <span class='ocrx_word' id='word_1_227' title='bbox 1012 2909 1092 2969; x_wconf 82' lang='lat' dir='ltr'><strong>facit</strong></span> <span class='ocrx_word' id='word_1_228' title='bbox 1107 2909 1217 2970; x_wconf 66' lang='lat' dir='ltr'><strong>Monu-v</strong></span> 
     </span>
     <span class='ocr_line' id='line_1_31' title="bbox 228 2989 1216 3072; baseline -0.002 -20"><span class='ocrx_word' id='word_1_229' title='bbox 228 3001 372 3052; x_wconf 88' lang='lat' dir='ltr'><strong>mentum</strong></span> <span class='ocrx_word' id='word_1_230' title='bbox 383 2989 630 3068; x_wconf 85' lang='lat' dir='ltr'><strong>antiquissimum</strong></span> <span class='ocrx_word' id='word_1_231' title='bbox 646 2989 794 3050; x_wconf 88' lang='lat' dir='ltr'><strong>Teiorum</strong></span> <span class='ocrx_word' id='word_1_232' title='bbox 810 2992 893 3071; x_wconf 86' lang='lat' dir='ltr'><strong>apud</strong></span> <span class='ocrx_word' id='word_1_233' title='bbox 908 2991 954 3052; x_wconf 83' lang='lat' dir='ltr'><strong>cl.</strong></span> <span class='ocrx_word' id='word_1_234' title='bbox 968 2991 1101 3054; x_wconf 86' lang='lat' dir='ltr'><strong>Chishul</strong></span> <span class='ocrx_word' id='word_1_235' title='bbox 1117 2995 1216 3072; x_wconf 80' lang='lat' dir='ltr'><strong>Autiq.</strong></span> 
     </span>
     <span class='ocr_line' id='line_1_32' title="bbox 228 3068 1217 3156; baseline 0.004 -20"><span class='ocrx_word' id='word_1_236' title='bbox 228 3075 324 3136; x_wconf 77' lang='lat' dir='ltr'><strong>Asiat.</strong></span> <span class='ocrx_word' id='word_1_237' title='bbox 338 3095 369 3153; x_wconf 88' lang='lat' dir='ltr'><strong>p.</strong></span> <span class='ocrx_word' id='word_1_238' title='bbox 384 3077 435 3154; x_wconf 86' lang='lat'><strong>98.</strong></span> <span class='ocrx_word' id='word_1_239' title='bbox 471 3068 532 3140; x_wconf 76' lang='lat' dir='ltr'><strong>“Oc</strong></span> <span class='ocrx_word' id='word_1_240' title='bbox 548 3072 589 3135; x_wconf 78' lang='grc' dir='ltr'><strong>δν</strong></span> <span class='ocrx_word' id='word_1_241' title='bbox 602 3072 847 3150; x_wconf 79' lang='grc' dir='ltr'><em>ἢκιξαλλεύοι,ἢ</em></span> <span class='ocrx_word' id='word_1_242' title='bbox 860 3075 1010 3150; x_wconf 62' lang='lat' dir='ltr'><strong>uitullus</strong></span> <span class='ocrx_word' id='word_1_243' title='bbox 1021 3076 1217 3156; x_wconf 76' lang='grc' dir='ltr'><em>ὑποδέχοιτο,</em></span> 
     </span>
     <span class='ocr_line' id='line_1_33' title="bbox 228 3155 1216 3242; baseline 0.003 -21"><span class='ocrx_word' id='word_1_244' title='bbox 228 3160 413 3236; x_wconf 76' lang='grc' dir='ltr'><em>ἢληῒζοιιο,</em></span> <span class='ocrx_word' id='word_1_245' title='bbox 433 3155 598 3233; x_wconf 77' lang='grc' dir='ltr'><em>ἧληῖοτοίς</em></span> <span class='ocrx_word' id='word_1_246' title='bbox 613 3157 812 3236; x_wconf 75' lang='grc' dir='ltr'><em>ὑποδέχοιτο,</em></span> <span class='ocrx_word' id='word_1_247' title='bbox 833 3159 931 3236; x_wconf 75' lang='grc' dir='ltr'><em>εἰδώς,</em></span> <span class='ocrx_word' id='word_1_248' title='bbox 952 3167 985 3224; x_wconf 75' lang='grc' dir='ltr'><strong>ἐκ</strong></span> <span class='ocrx_word' id='word_1_249' title='bbox 1000 3161 1059 3242; x_wconf 69' lang='grc' dir='ltr'><strong>γῆς</strong></span> <span class='ocrx_word' id='word_1_250' title='bbox 1072 3163 1129 3237; x_wconf 80' lang='grc' dir='ltr'><strong>τῆς</strong></span> <span class='ocrx_word' id='word_1_251' title='bbox 1153 3165 1216 3236; x_wconf 80' lang='grc' dir='ltr'><strong>Τη-</strong></span> 
     </span>
     <span class='ocr_line' id='line_1_34' title="bbox 229 3241 1217 3326; baseline 0 -20"><span class='ocrx_word' id='word_1_252' title='bbox 229 3246 282 3320; x_wconf 69' lang='lat' dir='ltr'><strong>lm</strong></span> <span class='ocrx_word' id='word_1_253' title='bbox 299 3241 677 3325; x_wconf 77' lang='grc' dir='ltr'><em>ἣδαλοὲιιηςφίροντας,</em></span> <span class='ocrx_word' id='word_1_254' title='bbox 697 3241 774 3317; x_wconf 66' lang='lat' dir='ltr'><strong>aito*</strong></span> <span class='ocrx_word' id='word_1_255' title='bbox 797 3243 898 3308; x_wconf 84' lang='grc' dir='ltr'><em>κακόν</em></span> <span class='ocrx_word' id='word_1_256' title='bbox 919 3248 1129 3309; x_wconf 84' lang='lat' dir='ltr'><em>BOAEYOI</em></span> <span class='ocrx_word' id='word_1_257' title='bbox 1150 3251 1217 3326; x_wconf 70' lang='grc' dir='ltr'><strong>περὶ</strong></span> 
     </span>
     <span class='ocr_line' id='line_1_35' title="bbox 232 3321 1216 3414; baseline 0.001 -24"><span class='ocrx_word' id='word_1_258' title='bbox 232 3328 339 3404; x_wconf 61' lang='lat' dir='ltr'><strong>Talon</strong></span> <span class='ocrx_word' id='word_1_259' title='bbox 351 3325 407 3390; x_wconf 76' lang='grc' dir='ltr'><em>τοῦ</em></span> <span class='ocrx_word' id='word_1_260' title='bbox 421 3327 523 3402; x_wconf 83' lang='grc' dir='ltr'><em>ξονοῦ,</em></span> <span class='ocrx_word' id='word_1_261' title='bbox 543 3326 648 3402; x_wconf 73' lang='grc' dir='ltr'><em>εἰδώς,</em></span> <span class='ocrx_word' id='word_1_262' title='bbox 669 3325 691 3403; x_wconf 81' lang='grc' dir='ltr'><strong><em>ἢ</em></strong></span> <span class='ocrx_word' id='word_1_263' title='bbox 710 3327 789 3410; x_wconf 71' lang='lat' dir='ltr'><strong>node</strong></span> <span class='ocrx_word' id='word_1_264' title='bbox 801 3321 974 3405; x_wconf 74' lang='grc' dir='ltr'><em>Ἕλληνας,</em></span> <span class='ocrx_word' id='word_1_265' title='bbox 995 3329 1018 3406; x_wconf 72' lang='grc' dir='ltr'><em>ἢ</em></span> <span class='ocrx_word' id='word_1_266' title='bbox 1034 3329 1116 3412; x_wconf 79' lang='grc' dir='ltr'><strong><em>πρός</em></strong></span> <span class='ocrx_word' id='word_1_267' title='bbox 1135 3337 1216 3414; x_wconf 83' lang='grc' dir='ltr'><em>βαρ·</em></span> 
     </span>
     <span class='ocr_line' id='line_1_36' title="bbox 228 3410 1214 3580; baseline -0.003 -23"><span class='ocrx_word' id='word_1_268' title='bbox 228 3411 368 3557; x_wconf 62' lang='lat' dir='ltr'><strong>litttt</strong></span> <span class='ocrx_word' id='word_1_269' title='bbox 389 3410 1214 3580; x_wconf 46' lang='grc' dir='ltr'><strong>33333ἷῖ8ἔέ3.αδέἷζῖἑιέἒέ,3303383ῗῖἶᾶ</strong></span> 
     </span>
     <span class='ocr_line' id='line_1_37' title="bbox 226 3521 1213 3660; baseline 0 -22"><span class='ocrx_word' id='word_1_270' title='bbox 226 3577 321 3638; x_wconf 87' lang='lat' dir='ltr'><strong>Dium</strong></span> <span class='ocrx_word' id='word_1_271' title='bbox 333 3579 573 3659; x_wconf 84' lang='lat' dir='ltr'><strong>Pythagoreum,</strong></span> <span class='ocrx_word' id='word_1_272' title='bbox 596 3581 682 3640; x_wconf 88' lang='lat' dir='ltr'><strong>cuius</strong></span> <span class='ocrx_word' id='word_1_273' title='bbox 693 3581 904 3660; x_wconf 82' lang='lat' dir='ltr'><strong>fragmentum</strong></span> <span class='ocrx_word' id='word_1_274' title='bbox 917 3584 1007 3642; x_wconf 90' lang='lat' dir='ltr'><strong>nobis</strong></span> <span class='ocrx_word' id='word_1_275' title='bbox 1019 3521 1213 3643; x_wconf 68' lang='lat' dir='ltr'><strong>conseminia</strong></span> 
     </span>
     <span class='ocr_line' id='line_1_38' title="bbox 226 3657 1214 3752; baseline 0.007 -28"><span class='ocrx_word' id='word_1_276' title='bbox 226 3662 311 3724; x_wconf 82' lang='lat' dir='ltr'><strong>loun.</strong></span> <span class='ocrx_word' id='word_1_277' title='bbox 326 3661 475 3722; x_wconf 86' lang='lat' dir='ltr'><strong>Stobaeus</strong></span> <span class='ocrx_word' id='word_1_278' title='bbox 496 3683 527 3741; x_wconf 89' lang='lat' dir='ltr'><strong>p.</strong></span> <span class='ocrx_word' id='word_1_279' title='bbox 551 3665 621 3724; x_wconf 85' lang='grc'><strong>563.</strong></span> <span class='ocrx_word' id='word_1_280' title='bbox 642 3663 766 3731; x_wconf 79' lang='grc' dir='ltr'><em>Ταύτας</em></span> <span class='ocrx_word' id='word_1_281' title='bbox 787 3657 844 3727; x_wconf 81' lang='grc' dir='ltr'><em>οὖν</em></span> <span class='ocrx_word' id='word_1_282' title='bbox 867 3665 1061 3752; x_wconf 79' lang='grc' dir='ltr'><em>εὐδαίμονας</em></span> <span class='ocrx_word' id='word_1_283' title='bbox 1081 3667 1156 3729; x_wconf 84' lang='grc' dir='ltr'><em>οῖδα</em></span> <span class='ocrx_word' id='word_1_284' title='bbox 1179 3665 1214 3731; x_wconf 75' lang='lat' dir='ltr'><strong>tic</strong></span> 
     </span>
     <span class='ocr_line' id='line_1_39' title="bbox 225 3739 1214 3830; baseline 0.002 -22"><span class='ocrx_word' id='word_1_285' title='bbox 225 3739 324 3830; x_wconf 70' lang='grc' dir='ltr'><em>δμμεν</em></span> <span class='ocrx_word' id='word_1_286' title='bbox 339 3745 481 3809; x_wconf 74' lang='grc' dir='ltr'><em>δοκοῦντι</em></span> <span class='ocrx_word' id='word_1_287' title='bbox 494 3753 559 3812; x_wconf 73' lang='grc' dir='ltr'><em>τοῖς</em></span> <span class='ocrx_word' id='word_1_288' title='bbox 574 3746 632 3809; x_wconf 76' lang='lat' dir='ltr'><strong>coir</strong></span> <span class='ocrx_word' id='word_1_289' title='bbox 649 3741 738 3829; x_wconf 78' lang='grc' dir='ltr'><em>ὥραν</em></span> <span class='ocrx_word' id='word_1_290' title='bbox 752 3748 853 3812; x_wconf 73' lang='grc' dir='ltr'><em>αὐτῶν</em></span> <span class='ocrx_word' id='word_1_291' title='bbox 868 3749 1214 3815; x_wconf 78' lang='grc' dir='ltr'><em>ΒΟΛΛΟΜΕΝΟΙΣ</em></span> 
     </span>
     <span class='ocr_line' id='line_1_40' title="bbox 226 3831 1212 3916; baseline 0.002 -24"><span class='ocrx_word' id='word_1_292' title='bbox 226 3831 467 3916; x_wconf 76' lang='grc' dir='ltr'><em>ὀπωρίξαοθαι.</em></span> <span class='ocrx_word' id='word_1_293' title='bbox 508 3832 555 3890; x_wconf 90' lang='lat' dir='ltr'><strong>Ita</strong></span> <span class='ocrx_word' id='word_1_294' title='bbox 567 3832 747 3891; x_wconf 85' lang='lat' dir='ltr'><strong>scribendus</strong></span> <span class='ocrx_word' id='word_1_295' title='bbox 762 3843 810 3892; x_wconf 85' lang='lat' dir='ltr'><strong>est</strong></span> <span class='ocrx_word' id='word_1_296' title='bbox 825 3834 885 3894; x_wconf 83' lang='lat' dir='ltr'><strong>ists</strong></span> <span class='ocrx_word' id='word_1_297' title='bbox 898 3835 1005 3911; x_wconf 78' lang='lat' dir='ltr'><strong>Iocus,</strong></span> <span class='ocrx_word' id='word_1_298' title='bbox 1028 3836 1117 3896; x_wconf 84' lang='lat' dir='ltr'><strong>cuius</strong></span> <span class='ocrx_word' id='word_1_299' title='bbox 1133 3847 1212 3896; x_wconf 85' lang='lat' dir='ltr'><strong>stru·</strong></span> 
     </span>
     <span class='ocr_line' id='line_1_41' title="bbox 225 3916 1212 3994; baseline 0 -20"><span class='ocrx_word' id='word_1_300' title='bbox 225 3925 348 3976; x_wconf 87' lang='lat' dir='ltr'><strong>ctnrum</strong></span> <span class='ocrx_word' id='word_1_301' title='bbox 375 3916 477 3974; x_wconf 88' lang='lat' dir='ltr'><strong>miuus</strong></span> <span class='ocrx_word' id='word_1_302' title='bbox 497 3925 693 3994; x_wconf 87' lang='lat' dir='ltr'><strong>perspectam</strong></span> <span class='ocrx_word' id='word_1_303' title='bbox 717 3917 894 3979; x_wconf 84' lang='lat' dir='ltr'><strong>habuerunt</strong></span> <span class='ocrx_word' id='word_1_304' title='bbox 915 3919 980 3980; x_wconf 86' lang='lat' dir='ltr'><strong>viri</strong></span> <span class='ocrx_word' id='word_1_305' title='bbox 1003 3918 1212 3982; x_wconf 85' lang='lat' dir='ltr'><strong>eruditissimi.</strong></span> 
     </span>
     <span class='ocr_line' id='line_1_42' title="bbox 224 3997 1213 4092; baseline 0.007 -33"><span class='ocrx_word' id='word_1_306' title='bbox 224 3997 324 4080; x_wconf 81' lang='lat' dir='ltr'><strong>Vulgo</strong></span> <span class='ocrx_word' id='word_1_307' title='bbox 361 3999 450 4060; x_wconf 83' lang='lat' dir='ltr'><strong>nullo</strong></span> <span class='ocrx_word' id='word_1_308' title='bbox 488 4019 578 4060; x_wconf 86' lang='lat' dir='ltr'><strong>sensu</strong></span> <span class='ocrx_word' id='word_1_309' title='bbox 607 3999 740 4080; x_wconf 81' lang='lat' dir='ltr'><strong>legitur,</strong></span> <span class='ocrx_word' id='word_1_310' title='bbox 780 4006 1025 4092; x_wconf 77' lang='grc' dir='ltr'><em>βαλλομένοις.“</em></span> <span class='ocrx_word' id='word_1_311' title='bbox 1065 4001 1213 4083; x_wconf 68' lang='lat' dir='ltr'><strong>Sonam]</strong></span> 
     </span>
    </p>
   </div>
   <div class='ocr_carea' id='block_1_3' title="bbox 0 0 1254 4598">
    <p class='ocr_par' dir='ltr' id='par_1_6' title="bbox 0 0 1254 4598">
     <span class='ocr_line' id='line_1_43' title="bbox 0 0 1254 4598; baseline 0 2"><span class='ocrx_word' id='word_1_312' title='bbox 0 0 1254 4598; x_wconf 95' lang='lat' dir='ltr'><strong> </strong></span> 
     </span>
    </p>
   </div>
  </div>
 </body>
</html>
