2544 4320
157 222 481 294 outtEN'rn'sto
504 228 958 294 Pnttuoottlefflcn.
999 235 1060 315 749

165 443 193 498 rt
212 458 235 499 α
256 443 292 499 et
315 459 340 498 ω
359 442 664 500 commutarentur.
705 431 845 500 Accidit
857 431 922 499 hoc
936 453 963 498 e.
979 457 1007 498 c.
1021 433 1059 499 iu

162 519 183 581 ‘n
213 517 438 608 χαρίζεσθαι
465 529 499 585 et
531 514 770 617 χωρίζεσθαι,
801 526 836 586 in
862 516 1060 584 nominibus

149 626 250 690 ματος
272 615 309 668 et
318 628 342 689 χ
369 600 519 689 operor,
540 625 576 668 ιιι
588 601 706 688 χάριν
718 614 752 676 et
761 603 907 690 χωρίον.
923 625 954 670 v.
972 603 1072 687 Gre-¹

162 709 191 773 p.
208 689 277 754 183.
369 734 377 748 .
401 688 502 753 etium
526 710 557 776 p.
577 702 650 773 259.
671 685 801 773 ῥῶπας
820 709 883 774 pro
907 711 926 776 ρ
936 684 1059 762 cintae,

143 849 150 865 ·
166 805 244 872 330.
260 805 383 871 πολλῶ
394 826 459 893 pro
480 803 611 872 πολλά.
654 802 710 870 Ob
726 803 868 870 condem
884 827 1019 871 oensem
1034 823 1061 866 ω

146 935 228 990 runt
239 901 342 1013 pro'r
356 921 393 989 in
404 921 590 993 πλαδδικῶ
602 943 666 1010 pro
675 921 828 1016 πλαδδιῇ
834 945 862 988 ν.
872 944 902 990 v.
913 923 1059 1012 Gregor.

126 1027 307 1190 lariiterflum
322 1101 439 1157 notem
455 1089 552 1157 illum
576 1089 893 1190 tochygrnphorum
908 1091 1057 1189 similem

127 1185 185 1242 tro
198 1175 424 1242 crrcumflexo
442 1175 543 1264 plene
552 1175 793 1264 neglexerunt,
813 1178 957 1263 rdeoque
973 1199 1059 1241 ouu-

171 1293 393 1360 trocelemw
426 1291 483 1362 vbi
494 1293 564 1380 legi
576 1292 726 1362 debebat.
747 1295 828 1360 Huc
839 1294 951 1362 resero
968 1293 1058 1360 hanc
1122 1341 1128 1363 .

98 1398 215 1467 ¹oneum
230 1375 301 1444 Hes
329 1342 424 1475 chile·
442 1374 593 1464 Τμήδην,
615 1423 624 1444 .
648 1425 656 1441 .
678 1427 685 1441 .
707 1425 715 1441 .
744 1377 1057 1468 α’ποκεχρισμένως.

135 1459 268 1526 Codex.
344 1483 466 1550 ouprue
498 1461 642 1530 Emend.
662 1459 826 1548 Vottv.
872 1463 968 1530 ,315
985 1485 1059 1528 cor·

100 1544 152 1643 git
175 1544 437 1633 ἅπεσχισμὲνως.
493 1545 560 1613 Sed
581 1546 684 1652 longe
708 1485 919 1636 probabilior
945 1559 995 1612 eet
1016 1547 1059 1612 L.
1159 1587 1164 1596 ·

98 1630 164 1695 oui
179 1629 373 1697 emendatio
390 1627 738 1720 α’νιοκεχωρισμενως,
765 1653 866 1719 quom
881 1627 1059 1697 Albertius

63 1783 64 1786 Ἴ
118 1724 259 1780 textum
274 1713 401 1780 asciuit.
442 1715 558 1782 Etiam
573 1715 783 1783 Villoisonus
798 1715 930 1801 Omego
943 1714 1060 1782 itanu·

67 1797 298 1886 perscriptum
312 1798 482 1898 negligens
496 1799 534 1866 in
549 1797 694 1865 Scholiis
710 1800 753 1865 ed
769 1797 808 1864 Il.
823 1805 864 1884 A,
878 1804 950 1862 (νιν.
965 1799 1059 1866 dedit

69 1881 186 1964 τέττω,
209 1883 353 1962 τεττιξ
367 1882 457 1969 (erc),
478 1885 539 1949 καὶ
548 1881 674 1964 taetro,
684 1905 749 1970 pro
766 1905 834 1970 quo
850 1881 961 1958 eCod.
972 1882 1057 1950 Ven.

67 1963 114 2032 A.
128 1967 317 2053 legendum
332 1968 447 2049 τὲπω,
467 1968 614 2046 τεττίζ
621 1990 645 2030 ω
661 1969 720 2030 καὶ
737 1967 859 2048 τιτὶζω.

129 2049 172 2116 ln
187 2052 426 2120 recentiorum
440 2063 634 2142 temporum
643 2050 826 2117 Codioibus
843 2061 925 2118 nota
940 2051 1062 2139 tochy·

66 2167 268 2257 graphione
294 2167 403 2235 llnbne
421 2192 467 2235 ων
483 2167 604 2234 similis
622 2180 673 2235 eet
688 2167 916 2236 circumflexo
939 2167 1060 2236 edmo-

67 2255 154 2317 dum
167 2273 255 2336 gran
281 2252 499 2318 inostrorum
515 2264 687 2340 typorum.
710 2252 802 2326 Vide
818 2277 845 2318 e.
853 2276 879 2317 c.
886 2249 1059 2341 ἁρμάτων,

67 2337 304 2424 πρεσβυτέρων
315 2347 378 2402 etc.
401 2336 470 2401 tob.
488 2337 534 2402 V.
551 2357 647 2402 num.
663 2337 693 2401 t.
707 2358 755 2424 eq.
797 2335 899 2403 Hanc
914 2335 958 2402 ob
977 2361 1058 2404 ceu-

66 2444 155 2506 eam,
186 2421 246 2509 qui
273 2419 491 2487 conferebant
515 2432 669 2486 vetustos
698 2417 850 2506 Codices,
879 2422 1058 2490 interdum

66 2517 194 2571 notem
212 2505 459 2594 significantem
480 2504 610 2592 Omege
631 2501 685 2596 (ι’)
708 2503 875 2572 habebunt
890 2529 954 2596 pro
967 2529 1060 2572 com·

67 2625 200 2713 pendio
225 2621 374 2726 syllabae
398 2599 452 2689 ων.
513 2621 566 2689 Ita
593 2622 721 2690 crrnuit
747 2619 960 2690 Villoieouue
988 2647 1060 2692 non

71 2718 210 2774 tuntum
240 2732 277 2776 nn
300 2709 377 2776 loco
408 2706 627 2774 scholiorum
652 2705 921 2774 Homericorum
954 2709 1060 2774 citato

71 2793 287 2944 ffissregor.
305 2815 340 2881 p.
362 2793 412 2860 24.
429 2815 475 2880 eq.
496 2813 528 2860 v.
556 2790 697 2880 φαίνων
720 2803 798 2875 eto,
818 2792 877 2858 sed
897 2790 1002 2856 etiam
1023 2814 1061 2858 e·

89 2899 148 2942 ιι.
662 2919 666 2928 ·

137 2960 236 3028 Infra
262 2959 301 3028 in
330 2983 413 3030 voce
444 2959 540 3041 ζήτει
565 2959 709 3026 lectores
730 2957 848 3026 locum
873 2957 1061 3047 reperient,

67 3046 108 3112 in
131 3069 202 3134 quo
223 3045 467 3134 compendium
492 3043 648 3114 indicum
679 3042 811 3133 Omega
829 3041 989 3110 hobitum
1010 3052 1062 3110 ert

66 3151 136 3220 pro
159 3139 302 3198 accentu
321 3128 429 3218 graui.

235 3297 270 3365 b.
309 3297 598 3387 eingrrlarum
616 3293 897 3389 syllabarum.

135 3445 400 3538 compendiaria
433 3451 499 3519 scri
526 3450 575 3519 tio
602 3449 814 3540 singularum
850 3439 1061 3538 syllabarum

68 3533 279 3623 plerumque
298 3545 332 3601 ct
355 3557 398 3600 ex
418 3557 457 3602 re
558 3536 606 3604 eie
626 3534 703 3601 fieri
723 3535 821 3622 solet,
841 3547 879 3603 vt
898 3546 981 3602 note
1000 3547 1061 3601 tn-

71 3617 307 3709 chygruphice
327 3631 442 3687 antece
467 3620 537 3687 enti
556 3621 690 3687 litterae
709 3617 986 3710 superscribetur.
1020 3619 1061 3686 E.

72 3761 101 3804 c.
122 3736 191 3806 un.
211 3735 239 3802 1.
258 3757 353 3804 num.
374 3736 405 3804 5.
423 3737 556 3837 syllana
576 3715 629 3808 ω’ν·
642 3737 681 3805 u
700 3759 785 3808 voce
810 3736 1002 3847 req-..uun
1014 3737 1062 3822 ne

73 3870 125 3924 est
147 3856 265 3943 rellicta,
284 3867 324 3924 rt
344 3857 416 3924 eine
445 3857 687 3946 compendium
711 3877 814 3948 super
837 3880 874 3960 eu
894 3855 1063 3943 scriptum
