2544 4320
84 59 472 170 counrn‘rnmo
495 104 950 177 rstrroonrrurcs.
981 115 1040 194 ιιι

4 297 131 370 ‘ius
171 305 327 372 confusio
361 331 438 374 cum
469 289 528 395 cipi,
557 331 625 373 non
648 333 724 376 cum
742 281 795 376 {ri
837 311 874 377 ln
897 323 978 377 note
1000 314 1042 379 sd

77 389 202 475 ongin.
227 392 249 454 l.
271 413 298 454 c.
321 393 529 457 contrarium
547 395 786 459 maledicitur.
827 394 936 480 Igitur
960 419 1040 481 rogo

11 458 232 544 lectorem.
251 485 288 539 vt
307 476 419 540 leuem
444 475 535 540 huuc
565 479 716 542 errorem
743 479 905 543 beneuole
928 482 1042 551 corri-¹

25 570 121 636 gat.
166 557 277 622 Facile
307 570 422 623 sutem
451 572 600 666 appar-et,
643 561 672 623 si
701 561 824 627 lineola
855 563 976 670 erigus
1004 565 1041 630 in

26 674 171 740 medio
194 674 342 758 accedat,
363 698 381 740 e
402 675 528 762 syllaba
550 699 591 742 συ
619 677 691 742 lieri
713 676 859 743 litteram
881 704 916 744 α.

185 789 241 855 De
267 791 489 882 similitudine
517 795 638 881 passim
671 793 773 858 obuia
803 796 862 860 τοῦ
882 797 916 862 Ε
933 799 1041 880 ψιλοῦ

180 930 266 1054 lcnm
286 909 425 996 syllabis
447 935 500 992 αν,
523 935 564 987 ας
585 923 620 976 et
638 935 672 978 ιν
696 934 726 977 r.
747 910 838 976 infru
858 911 918 977 hss
938 916 1041 1002 sylle-
1065 907 1067 910 ⁵

206 1015 251 1055 as.

116 1073 248 1142 Zeta·
302 1073 392 1140 Zeta
420 1090 453 1143 et
481 1077 533 1145 Xi
558 1100 634 1145 cum
662 1079 850 1148 scribantur
874 1079 1041 1149 similibus
1154 1071 1156 1082 ¹

43 1163 216 1247 adeoque
237 1157 420 1225 simillimis
443 1162 611 1247 ductibus,
634 1185 701 1228 non
714 1162 840 1230 mirum
862 1176 922 1246 est,
942 1164 1041 1229 toties

43 1243 151 1310 inter
178 1264 215 1307 se
243 1245 452 1310 commutari.
499 1246 586 1311 Vide
616 1268 711 1311 voces
742 1243 828 1324 ἕξειν
857 1258 889 1311 et
912 1245 1040 1334 ζῴωνο

45 1326 142 1392 cod.
166 1325 272 1390 Pelet.
299 1327 318 1391 5
342 1336 390 1412 8.,
420 1328 498 1393 item
530 1329 668 1409 ξανθή,
699 1329 834 1408 ξενίζειν
862 1352 892 1395 κ.
915 1353 945 1394 τ.
968 1331 996 1395 λ.
1021 1351 1040 1394 e

50 1410 147 1476 cod.
164 1409 306 1474 SGerm.
320 1347 398 1478 9545.
417 1413 482 1477 leb.
504 1411 529 1475 Ι.
552 1435 644 1476 num.
670 1434 715 1478 ιι.
737 1413 844 1499 Epist.
868 1436 900 1501 p.
925 1415 971 1480 13·
990 1416 1041 1510 95.

49 1497 136 1580 237.
157 1493 311 1580 Append.
332 1518 364 1582 p.
384 1495 435 1560 61.
456 1517 471 1559 s
497 1540 504 1554 ·
531 1494 672 1582 Gregor.
694 1519 724 1582 p.
745 1517 814 1580 271.
843 1518 913 1581 272.
934 1508 967 1559 et
988 1520 1042 1562 m·

49 1577 113 1643 fra
138 1601 163 1640 s·
188 1577 365 1662 compend.
393 1518 506 1643 vorle

54 1663 102 1727 sd
126 1659 271 1747 Dionys.
292 1661 465 1726 Halicarn.
487 1685 520 1750 p.
540 1679 611 1749 209.

78 1753 80 1760 ’
189 1744 242 1908 lgp
269 1744 342 1809 aliis
367 1743 488 1813 formis
515 1744 648 1810 litterae
680 1743 772 1810 Zeta
796 1743 871 1812 vide
901 1744 1040 1813 instar.

213 1850 297 1907 ητιι.

126 1913 227 1981 Eta-
270 1913 346 1991 Qua
368 1935 429 1978 nos
452 1911 563 1979 formu
585 1912 842 1979 huius'litterse
864 1923 993 1977 tentum
1007 1913 1042 1978 in

58 1997 190 2066 rucisli
204 1993 385 2093 alphabeto
396 1996 535 2079 vtimur,
554 2021 589 2063 ee
611 1997 644 2062 in
659 1996 835 2062 (lodicibus
847 2009 1043 2084 temporum

59 2093 99 2147 et
121 2091 350 2147 vetustiorum
371 2091 404 2144 et
432 2081 657 2151 recentiorum
677 2080 775 2146 etism
798 2080 833 2145 in
856 2080 1043 2146 minuscula

60 2167 235 2252 scripturn
254 2163 430 2249 reperitur.
471 2166 549 2230 Hoc
575 2165 640 2229 Ets
669 2166 735 2251 (Η)
757 2162 867 2228 minus
889 2177 1043 2230 sccurute

62 2250 217 2335 legentes
244 2267 342 2334 saepe
366 2247 558 2314 habuerunt
587 2269 651 2338 pro
680 2249 715 2313 Ν
720 2296 731 2334 ‚
752 2269 837 2334 quse
858 2247 970 2312 forms
992 2246 1045 2314 lit·

62 2344 159 2398 terne
180 2332 239 2416 Ny
259 2329 341 2394 item
362 2330 397 2395 in
420 2332 604 2397 minuscule
625 2330 786 2396 Codicum
807 2329 974 2418 scriptura
994 2354 1046 2398 ss·

64 2419 107 2481 tis
135 2415 294 2500 frequens
323 2426 380 2477 est.
430 2416 523 2480 Haec
554 2437 652 2482 ceusu
685 2413 891 2480 confusionis
920 2414 1043 2484 harum

60 2501 271 2580 litterarum,
292 2497 448 2584 inprimis
468 2499 527 2582 ibi,
549 2498 603 2563 vbi
631 2500 778 2565 celamus
798 2498 925 2563 scribae
947 2501 1045 2564 obtu-

64 2587 139 2648 sior
168 2581 316 2646 miuutos
346 2604 461 2646 esrum
490 2583 610 2648 ductus
642 2595 711 2646 tem
738 2604 861 2669 purum
890 2581 1045 2648 distincte
1091 2615 1093 2620 s

66 2669 212 2748 fecisset,
235 2675 282 2747 vt,
304 2678 412 2729 rectus
430 2680 512 2730 esset
530 2666 658 2731 medius
674 2666 794 2729 ductus
811 2688 853 2729 en
876 2664 1045 2749 obliquus,

65 2775 139 2817 non
163 2759 353 2838 appareret,
374 2750 432 2814 sed
451 2749 614 2815 iudicium
636 2751 795 2835 penderet
815 2769 834 2811 e
853 2747 925 2811 solo
948 2767 1047 2811 sensu

64 2834 263 2902 verborum.
301 2831 355 2896 Sic
387 2833 541 2922 legerunt
569 2831 725 2898 Ἀντοῦν
746 2852 810 2919 pro
830 2832 995 2909 Λητοῦν,
1015 2851 1047 2894 v.

71 2951 219 3038 Gregor.
232 2971 273 3096 p.
298 2950 380 3025 428„
402 2951 558 3015 σκοπεῖν
603 2971 640 3014 ro
668 2946 800 3014 σκόπει
820 2945 855 3028 ἢ,
877 2945 916 3011 τό
939 2971 960 3024 η
984 2967 1045 3032 pro

67 3040 145 3116 τόν,
167 3057 195 3099 v.
218 3034 231 3098 i
252 3033 297 3098 id.
317 3057 349 3122 p.
371 3035 442 3120 4²9·
482 3070 524 3085 -
597 3033 676 3096 tiam
700 3034 741 3096 H
763 3045 794 3096 et
814 3031 853 3093 H
873 3030 1047 3095 interdum

68 3119 146 3182 solo
173 3118 351 3182 verborum
381 3141 478 3183 sensu
508 3116 655 3201 dignosci
686 3125 845 3200 possunt,
886 3113 1047 3202 quonium

71 3204 222 3266 calamus
246 3201 407 3266 velociter
426 3199 595 3265 scribentis
616 3220 737 3285 perum
759 3208 866 3281 curet,
887 3219 985 3284 quem
1001 3199 1048 3262 lo-

68 3307 153 3349 cum
177 3285 302 3350 medius
324 3285 455 3368 ductus,
476 3304 658 3366 summum,
681 3292 716 3346 vt
737 3283 842 3362 decet,
866 3304 908 3346 sn
931 3282 1048 3368 peullo

63 3367 294 3450 inferiorem,
326 3379 475 3456 occupet.
520 3365 723 3453 Apollonius
744 3366 830 3430 Lex.
852 3364 992 3430 Homer.
1015 3388 1049 3459 p·

70 3507 146 3576 790.
168 3486 206 3553 τὸ
227 3486 291 3574 γὰρ
311 3500 340 3571 ψ
352 3481 549 3570 μεταπίπτει
571 3482 657 3549 sord
678 3482 739 3560 uic
751 3481 889 3558 πτώσεις
909 3479 982 3564 ἤτοι
997 3477 1048 3559 εἰς

69 3587 110 3690 d,
134 3602 157 3684 ἢ
177 3605 227 3685 Η,
249 3601 271 3683 ἢ
290 3627 331 3691 qu,
372 3603 420 3668 Its
442 3600 653 3670 Villoisonus
669 3602 787 3691 edidit,
810 3603 891 3667 hoec
914 3613 1049 3667 notans:
1113 3587 1117 3594 ’

72 3690 198 3775 „Lego
228 3693 267 3752 Π
293 3710 356 3774 pro
378 3687 453 3760 Hf‘.
494 3695 568 3758 Hoc
595 3686 708 3773 ipsum
736 3693 773 3754 Π
801 3687 918 3754 (lodex
937 3684 1052 3765 hebet,

531 1579 690 1663 μεγάλου.
752 1578 852 1645 Adde
873 1579 1068 1654 Semelen,
1197 1589 1200 1596 ’
