3494 4604
461 317 513 370 xx
789 285 1133 366 PRAEFATIO

463 459 596 575 morat,
613 463 667 554 ‘de
680 477 810 556 Dorica
825 475 987 576 inprimis
1003 493 1107 574 atque
1125 473 1270 551 Aeolica
1288 481 1461 578 Dialecto,

464 618 626 718 exceptis.
662 615 700 690 N
701 642 757 687 am
771 613 810 684 in
823 609 1041 685 Praelatione
1052 610 1258 686 Corinthius
1265 615 1464 716 Episcopus

465 755 612 832 laudans
627 745 834 851 Tryphonis
849 771 1014 845 operam,
1038 745 1171 841 solum,
1196 769 1305 848 puto,
1324 752 1400 825 eius
1415 754 1466 825 ti-

465 892 602 968 hellum
623 887 709 982 περὶ
730 881 888 971 παθῶν,
919 879 1038 957 adhuc
1059 886 1295 981 superstitem,
1329 887 1466 987 quique

465 1031 539 1104 fere
564 1045 657 1098 totus
691 1038 743 1092 est
774 1016 813 1090 in
838 1015 1016 1090 tradendis
1040 1016 1283 1093 Dialectorum
1308 1018 1465 1111 πάθεσι,

467 1161 649 1239 intellexit.
700 1153 745 1228 In
767 1152 910 1228 loannis
931 1171 1047 1225 autern
1070 1152 1280 1254 Philoponi,
1313 1157 1463 1232 simula

468 1294 642 1396 Gregorio
659 1273 860 1381 memorati,
895 1283 941 1360 de
956 1286 1125 1362 Dialectis
1141 1288 1327 1390 Opuseulo
1344 1291 1464 1364 ieiuno

466 1428 569 1507 valde
590 1425 752 1518 etexili,
779 1419 878 1523 quod
904 1444 937 1496 et
959 1424 1078 1523 ipsum
1102 1421 1148 1496 ad
1170 1445 1331 1524 tempora
1348 1446 1466 1499 nostra

465 1565 645 1666 peruenit,
661 1561 772 1634 multa
787 1553 984 1635 desiderant
997 1559 1119 1632 arbitri
1130 1557 1261 1632 harum
1276 1586 1397 1634 rorum
1413 1561 1467 1634 in·

466 1701 667 1798 telligentes.
722 1693 823 1783 Quae
837 1719 945 1792 porro
960 1690 1006 1766 de
1022 1694 1189 1767 Dialectis
1201 1715 1334 1769 veteres
1348 1693 1468 1768 Scho-

465 1835 587 1909 liastae
619 1830 749 1933 passim
782 1851 989 1930 opportune¹
1013 1850 1241 1923 monuerant,
1272 1857 1328 1924 ea,
1361 1829 1468 1906 variis

466 1969 557 2045 locis
581 1994 701 2070 sparsa
725 1988 759 2040 et
783 1964 968 2064 dissipata,
995 1992 1079 2038 cmn
1104 1963 1220 2037 taedio
1247 1984 1282 2037 et
1307 1964 1466 2038 molestia

466 2103 667 2204 quaerenda
690 2121 789 2176 erant
805 2098 1128 2199 cognoscendarum
1141 2096 1372 2175 dialectorum
1389 2122 1467 2174 stu·-

402 2299 407 2309 .
466 2235 586 2310 diosis.
639 2234 779 2335 Operae
799 2236 906 2331 igitur
926 2234 1079 2332 pretium
1095 2258 1131 2304 se
1145 2233 1319 2307 facturum
1335 2234 1466 2310 Noster

354 2451 355 2458 χ
466 2341 696 2462 existimauit,
723 2369 753 2440 si
776 2393 851 2442 rem
873 2367 1072 2443 uniuersam
1094 2363 1139 2440 de
1165 2366 1302 2467 integro
1317 2370 1385 2442 sibi
1400 2390 1466 2444 ett-

465 2498 662 2577 ornandam
695 2522 866 2594 sumeret,
909 2501 1065 2575 collectis
1096 2501 1466 2607 potissimum,1quns

465 2637 595 2736 passim
624 2636 849 2739 optimorum,
865 2637 1082 2732 Auctorum,
1108 2637 1350 2741 Thucydidis,
1374 2640 1466 2715 Ari-

463 2767 667 2871 stophanis,
702 2773 924 2871 aliorumque
945 2793 1076 2846 veteres
1097 2796 1311 2848 enarratores
1331 2802 1467 2877 suppe-

462 2903 640 3020 ditabant,
666 2884 979 2983 ohseruatiouibus.
1031 2905 1110 2982 Nec
1133 2884 1318 2982 infeliciter
1341 2911 1411 3011 ipsi
1424 2911 1463 2986 id

463 3043 583 3140 cessit;
608 3042 744 3118 tametsi
764 3042 870 3116 nimis
891 3067 1035 3144 operam
1049 3041 1207 3120 venditat
1227 3071 1347 3140 suam,
1372 3069 1407 3120 et
1423 3049 1462 3124 iu

463 3176 683 3256 Praefatione
703 3177 825 3255 lectori
848 3178 971 3252 fucum
991 3178 1092 3273 facit,
1118 3182 1402 3279 praeseferens,
1428 3204 1464 3259 et

461 3321 611 3409 iactans,
637 3342 691 3410 se,
725 3336 861 3414 praeter
880 3335 1030 3409 ceteros,
1055 3312 1254 3416 Archytam
1276 3316 1382 3391 etiam
1404 3340 1461 3394 at·-

461 3473 532 3546 que
566 3447 756 3546 Alcaeum,
801 3479 957 3553 quorum
998 3448 1109 3524 libros
1151 3475 1336 3549 nunquam
1375 3482 1462 3530 ocu·

459 3579 505 3655 lis
524 3607 723 3686 usurparat,
750 3611 815 3659 nec
840 3613 946 3663 ruam
969 3583 1052 3660 inde
1077 3582 1189 3684 ῥῆσιν
1205 3585 1243 3659 in
1267 3611 1374 3684 opere
1393 3617 1459 3665 suo

380 3751 382 3758 ¹
457 3715 608 3794 excitare
626 3722 758 3820 potuit,
785 3719 853 3811 τῆς
867 3718 1039 3817 Δωρίδος
1054 3723 1127 3791 καὶ
1143 3715 1325 3806 Αἰολίδος
1338 3718 1460 3797 κανῦ·

457 3879 530 3941 νας
544 3878 704 3932 secutum
720 3856 836 3931 fuisse.
888 3853 961 3928 Sed
981 3851 1049 3928 tels
1067 3869 1140 3940 erat
1156 3852 1339 3954 ingenium
1354 3855 1458 3932 istius

455 3991 575 4064 aetatis
587 3993 856 4070 Graeculorum.
