2558 4590
245 392 305 458 ιιι
347 387 971 454 snroomvsononiecro
993 387 1188 452 siries.
1247 341 1258 398 ‘³

169 552 172 561 ’
238 561 406 634 inserenda
428 571 475 623 est
491 563 635 644 negatio:
659 566 709 626 ἐπὶ
729 559 785 626 τοῦ
806 561 845 626 οὐ
866 559 961 628 πάνυ.
984 561 1119 640 Πόθενς
1146 582 1223 640 vero,
1255 564 1258 574 ’

240 669 375 729 quocum
388 647 509 708 erudite
519 647 720 729 Etymologus
731 645 872 730 πώμαλα
882 648 1095 728 comparauit,
1121 649 1224 727 quique
1245 630 1261 678 '³

239 732 424 813 Etymologo
438 730 626 810 praeiuerat,
645 732 837 812 Apollonius,
851 729 942 810 Dyoe.
961 731 997 790 in
1019 731 1226 793 Grammatico

238 816 366 888 inedita,
396 813 499 879 πόθεν
516 814 605 897 ya'p3
630 826 660 876 et
681 816 747 883 πῶς
765 813 845 894 γάρς
871 813 989 876 habere
1005 813 1094 895 apud
1114 816 1226 876 Attiou
1264 873 1268 892 .

240 900 305 968 vim
318 899 431 958 fortius
447 899 590 978 negandi,
612 900 748 962 ostendit
767 900 823 958 Vir
843 899 961 958 multae
984 898 1153 960 doctrinae
1174 899 1226 960 'rt
1258 885 1276 967 ,ε

241 983 412 1043 Gatakerus
430 982 469 1042 de
481 983 511 1044 a
527 983 567 1043 N.
584 985 607 1044 Ι.
625 983 698 1064 Cap.
715 983 769 1044 Xl.
781 1004 811 1063 p.
822 983 872 1058 73.
884 991 955 1061 post
970 1003 1062 1062 quem
1079 982 1228 1044 haeedo-
1262 1003 1266 1012 ·

240 1077 291 1146 ote
303 1067 453 1127 tractauit
473 1067 597 1128 Clarias.
616 1068 819 1130 Valckenser.
844 1064 884 1126 ad
898 1065 1038 1145 Euripid.
1052 1065 1172 1126 Phoen.
1187 1087 1226 1126 va
1260 1065 1275 1104 ¹⁶

243 1153 333 1214 1614.
355 1151 437 1226 Quia
452 1161 520 1212 tum
532 1152 613 1212 inest
633 1151 772 1214 orationi
792 1151 898 1230 aliqua
910 1148 1101 1234 ὑπόκρισις,
1123 1150 1164 1210 ad
1177 1150 1227 1214 lo'-
1264 1157 1267 1166 “

240 1258 298 1319 yon
311 1234 489 1299 ἐνδιάθετον
504 1237 616 1297 retulit
628 1235 839 1316 Hermogenes
852 1234 892 1294 de
907 1234 1008 1298 Form.
1031 1233 1089 1294 Or.
1109 1256 1142 1315 p.
1163 1236 1228 1295 llo.

147 1313 158 1334 '
238 1340 332 1399 quam
345 1315 530 1398 ὑπόκρισιν,
548 1321 603 1380 vel
616 1320 684 1380 sine
694 1319 903 1399 Hermogene,
922 1317 1154 1378 animaduertit
1159 1337 1229 1399 per-

238 1402 464 1484 spioaoiesimus
480 1403 692 1468 tlemsterhus.
707 1403 748 1463 ad
762 1401 889 1462 Lucien.
907 1403 942 1462 Τ.
958 1402 983 1464 Ι.
998 1423 1030 1481 p.
1053 1401 1126 1462 115.
1148 1401 1230 1462 'lur-

237 1508 280 1568 po
301 1487 452 1566 glossema
471 1487 584 1548 tollam
601 1508 642 1551 ex
661 1486 814 1560 Aristide,
834 1487 869 1545 in
891 1507 953 1568 quo
980 1483 1108 1558 πόθεν,-
1141 1505 1229 1566 saepe

237 1591 373 1633 numero
393 1570 585 1652 Interpretes
602 1571 727 1644 delusit,
747 1581 782 1630 vt
797 1579 828 1632 et
850 1571 887 1630 in
905 1570 1008 1630 Dione
1026 1569 1187 1650 Chrysost.
1202 1578 1232 1632 et

239 1655 319 1727 aliis,
342 1657 398 1716 Or.
418 1653 454 1714 T.
472 1655 494 1714 1.
509 1677 539 1736 p.
557 1655 629 1727 366,
651 1655 684 1714 Si
697 1655 767 1735 quis
775 1654 973 1736 Syracusanis
985 1653 1160 1714 deditionis
1176 1676 1230 1714 au·

241 1748 311 1800 otor
326 1749 416 1812 esset,
435 1739 489 1801 elz*
502 1740 640 1812 ἔπεισεν,
658 1737 727 1802 ἔσθ’
741 1733 829 1806 ὅπως
845 1735 887 1801 air
908 1738 931 1814 ἢ
948 1738 1121 1805 Γύλιππος
1140 1731 1231 1813 ἦλθεν

239 1821 350 1890 αὐτοῖς
366 1823 500 1906 πρῶτον,
521 1823 545 1898 ἢ
559 1821 651 1900 ιὴΔῐ
659 1823 804 1886 ἐπελθών
818 1824 901 1901 εἶχεν
913 1821 933 1885 ὃ
947 1827 1057 1898 ποιοίη
1065 1847 1077 1897 ;
1096 1822 1232 1890 καὶπῶς

239 1908 299 1982 dm·
319 1907 412 1978 Quod
429 1908 571 1981 additur,
593 1907 751 1992 οὐδαμῶς,
773 1905 852 1965 mihi
876 1905 1002 1986 quidem
1024 1907 1163 1968 alterius
1177 1912 1232 1968 καλ
1274 1953 1275 1958 1

239 1991 307 2057 πῶς
320 1989 377 2067 atr,-
397 1991 525 2052 videtur
538 1993 861 2071 interpretamentum.
882 1991 977 2054 Korn.
993 1989 998 2002 '

171 2110 172 2114 =
285 2075 317 2154 5)
336 2065 395 2150 ἧδ’
418 2069 472 2155 ὅς]
508 2075 667 2156 Aristoph.
686 2075 777 2154 Vesp.
799 2096 843 2134 vs.
870 2095 940 2161 791.
962 2073 1015 2134 vbi
1036 2072 1101 2135 vid.
1126 2071 1229 2135 Sohol

239 2155 357 2220 Cratin.
374 2159 458 2240 apud
474 2159 588 2219 Athen.
603 2159 636 2218 L.
652 2160 703 2220 Ill.
719 2184 750 2242 p.
764 2160 813 2239 94.
835 2157 866 2219 F.
889 2171 929 2232 et,
947 2159 1109 2218 Platonem
1125 2159 1231 2234 secuti,

146 2295 149 2302 .
238 2243 408 2306 Atticistae.
431 2243 619 2324 Apollonius
640 2245 733 2324 Dysc.
756 2245 790 2302 in
812 2243 1022 2304 Grammatico
1040 2243 1172 2316 inedita,
1193 2242 1230 2300 de

238 2322 283 2395 ὃς·
300 2332 357 2390 καὶ
374 2331 445 2387 ἴσον
466 2325 509 2401 τῷ
530 2317 621 2393 οὗτος
634 2323 727 2411 napo?
749 2325 913 2397 Ἀττικοῖς.
935 2323 976 2394 οἷς
998 2325 1153 2400 Πλάτων,
1170 2318 1230 2402 sid

238 2409 273 2480 tte
281 2455 291 2482 ,
314 2409 385 2474 ἀντὶ
401 2407 455 2469 τοῦ
467 2409 530 2486 ἔφη
548 2409 581 2471 δὲ
595 2399 703 2477 olene·
738 2411 774 2472 ln
786 2411 912 2474 Heliod.
928 2409 1021 2472 neth.
1035 2409 1068 2469 L.
1086 2410 1126 2470 11.
1140 2433 1170 2490 p.
1180 2413 1228 2488 98.

237 2513 346 2554 veram
359 2491 463 2552 iudico
478 2492 614 2553 duorum
627 2493 713 2554 MSS.
728 2496 916 2556 lectionem:
939 2492 1069 2569 οὐκοῦν,
1090 2487 1115 2570 ἦ
1140 2493 1166 2556 ὅ
1184 2493 1228 2568 ὃς,

236 2611 279 2626 -
299 2574 406 2652 ὄχθοις
426 2573 483 2654 μὲν
500 2579 614 2640 Nedon
634 2579 724 2646 adeda
745 2587 802 2642 καὶ
826 2582 946 2642 nostor·
963 2578 1178 2662 ἀπολίπωμεν
1191 2579 1228 2660 *1,

237 2669 271 2720 et
291 2659 335 2717 sio
353 2658 505 2739 Scaligeri
527 2663 669 2722 collatio:
711 2665 870 2744 vulgatam
889 2661 947 2726 ουίι
967 2662 1101 2736 ὄνειδος,
1124 2663 1227 2721 nescio

236 2764 298 2822 qua
312 2742 415 2822 specie
423 2788 434 2817 ,
454 2754 563 2806 tuetur
574 2745 618 2805 Cl.
629 2745 833 2810 'D‘Oruillins
849 2747 889 2811 ad
902 2747 1019 2808 Charit.
1035 2769 1065 2828 p.
1084 2765 1157 2826 217.
1179 2745 1228 2806 Ad

235 2827 457 2888 obscuritatem
475 2817 599 2889 dmnem
612 2833 790 2893 euitandam
797 2832 955 2892 interdum
968 2832 1099 2890 dicentis
1114 2849 1228 2889 nomen

235 2911 377 2971 additur:
400 2933 418 2972 a
433 2911 535 2972 Dione
552 2913 709 2994 Chrysost.
727 2913 837 2976 Ο1·.11.
852 2937 883 2997 p.
901 2933 950 2979 21.
968 2915 1001 2976 Β.
1016 2909 1037 2990 ἦ
1055 2911 1127 2982 δ’ὃς
1140 2913 1159 2976 o‘
1169 2915 1227 2976 'A-

234 2992 409 3076 λέξανδρος.
441 2997 466 3054 Α
484 2995 672 3060 Philostrato
690 2999 724 3058 V.
740 3001 775 3058 Α.
791 2999 858 3060 Lib.
876 3000 939 3062 vlt.
952 3021 982 3080 p.
999 3000 1069 3060 305.
1081 2991 1102 3074 ἦ
1118 2997 1144 3060 ὅ
1157 2995 1228 3064 deti

235 3077 351 3162 Δάμις.
394 3079 435 3140 Vt
447 3081 590 3142 affectate
604 3083 685 3146 ridet
698 3083 756 3143 ista
770 3083 925 3146 Lucianus
943 3087 976 3146 in
994 3083 1176 3162 Lexiphane
1188 3081 1225 3141 T.

235 3164 271 3225 11.
290 3184 320 3243 p.
341 3165 412 3246 519.
431 3157 454 3241 ἦ
467 3165 492 3226 δ’
507 3159 541 3233 ὃς
556 3163 577 3226 o‘
591 3167 781 3243 Καλλικλῆς.
802 3186 832 3248 p.
856 3168 927 3230 326.
945 3161 967 3243 ἦ
988 3167 1014 3228 δ’
1034 3165 1070 3234 «ir
1091 3167 1110 3228 ὁ
1132 3169 1224 3227 ‹ttetz-

105 3288 110 3298 ·
234 3259 372 3318 roaetc.
417 3249 486 3330 lpse
500 3251 651 3309 tamenin
665 3253 799 3311 Conniu.
815 3251 850 3310 T.
867 3253 917 3312 111.
935 3274 965 3332 p.
983 3253 1056 3313 424.
1071 3261 1102 3311 et
1117 3240 1226 3325 114λῆ

233 3330 259 3392 δ’
272 3329 307 3397 ὅς
322 3331 341 3394 o‘
354 3333 544 3438 varidpptc,
565 3343 638 3433 etp.
656 3337 727 3396 440.
750 3328 772 3410 ἦ
791 3333 815 3396 d'
832 3333 867 3406 ὃς
887 3337 905 3398 ὁ
925 3335 1122 3419 Κλεόδημος.
1168 3333 1224 3410 [lt.

234 3415 270 3475 Τ.
288 3415 310 3474 Ι.
325 3435 355 3494 p.
371 3419 440 3477 864.
455 3444 476 3496 η
492 3417 517 3480 δ’
534 3416 599 3486 deo‘
618 3419 817 3500 Ανοὲχαρσις.
832 3423 887 3481 vbi
901 3442 930 3480 v.
947 3421 1060 3480 Graen.
1077 3417 1223 3500 Senem]

231 3497 296 3560 Pro
312 3496 360 3558 his
372 3493 395 3574 ἦ
407 3501 432 3562 δ’
448 3503 466 3564 o‘
480 3501 703 3578 Ἀπολλώνιος,
723 3495 745 3580 ἦ
761 3501 786 3564 δ’
802 3501 822 3567 o‘
837 3509 960 3578 Νεῖλος,
982 3495 1004 3580 ἦ
1025 3503 1049 3566 δ’
1072 3504 1090 3565 ὁ
1106 3502 1222 3587 Δημή-

232 3606 327 3661 τριος,
357 3582 571 3660 ὁΔιοιύσιος,
601 3586 619 3649 ὁ
646 3588 798 3670 Μάρκος,
825 3599 857 3648 et
882 3589 994 3648 similia
1011 3587 1225 3667 frequentauit

232 3666 437 3728 Philostratus
455 3670 489 3729 in
511 3669 546 3730 V.
564 3671 601 3731 A.
627 3682 658 3732 et
677 3673 812 3754 Sophist.
833 3673 932 3736 Korn.
976 3672 1110 3734 Bastius:
1131 3674 1222 3753 „tp-

265 3818 287 3885 *)
304 3822 439 3874 Korniena
454 3817 650 3886 ιῖπολιπῶμιν,
667 3825 739 3890 quod
758 3825 946 3892 corrigendum
960 3844 1013 3880 esse
1028 3829 1110 3878 etism
1119 3829 1220 3878 Bestius

297 3894 412 3942 maisnil.
447 3891 532 3956 Saepe
546 3889 595 3939 hac
611 3894 712 3941 ratione
730 3909 854 3958 peccatur
872 3898 898 3946 in
919 3909 1026 3947 accentu
1051 3893 1130 3946 huius
1147 3894 1220 3946 modi

296 3959 428 4080 ponendo.
463 3957 495 4007 V.
505 3971 560 4011 not.
577 3957 609 4009 ad
626 3959 753 4025 sophoct.
768 3961 842 4016 Aine.
858 3979 881 4016 v.
892 3964 948 4017 408.
964 3963 997 4016 ad
1004 3963 1138 4016 Electus.
1149 3961 1218 4018 tots.

316 4043 409 4081 citur.
